
@article{duca2015,
	title = {Income Inequality and Political Polarization: Time Series Evidence Over Nine Decades},
	author = {{Duca}, {John V.} and {Saving}, {Jason L.}},
	year = {2015},
	month = {01},
	date = {2015-01-08},
	journal = {Review of Income and Wealth},
	pages = {445--466},
	volume = {62},
	number = {3},
	doi = {10.1111/roiw.12162},
	url = {http://dx.doi.org/10.1111/roiw.12162},
	langid = {en}
}

@book{mpr,
	title = {Polarized America: The Dance of Ideology and Unequal Riches},
	author = {{McCarty}, {Nolan} and {Poole}, {Keith T.} and {Rosenthal}, {Howard}},
	year = {2006},
	publisher = {MIT Press},
	url = {https://mitpress.mit.edu/books/polarized-america}
}

@article{kwon2014,
	title = {Does Radical Partisan Politics Affect National Income Distributions? Congressional Polarization and Income Inequality in the United States, 1913-2008},
	author = {{Kwon}, {Roy}},
	year = {2014},
	month = {04},
	date = {2014-04-21},
	journal = {Social Science Quarterly},
	pages = {49--64},
	volume = {96},
	number = {1},
	doi = {10.1111/ssqu.12090},
	url = {http://dx.doi.org/10.1111/ssqu.12090},
	langid = {en}
}

@article{iversen2015,
	title = {Information, Inequality, and Mass Polarization},
	author = {{Iversen}, {Torben} and {Soskice}, {David}},
	year = {2015},
	month = {07},
	date = {2015-07-28},
	journal = {Comparative Political Studies},
	pages = {1781--1813},
	volume = {48},
	number = {13},
	doi = {10.1177/0010414015592643},
	url = {http://dx.doi.org/10.1177/0010414015592643},
	langid = {en}
}

@article{fenzl2018,
	title = {Income inequality and party (de)polarisation},
	author = {{Fenzl}, {Michele}},
	year = {2018},
	month = {03},
	date = {2018-03-09},
	journal = {West European Politics},
	pages = {1262--1281},
	volume = {41},
	number = {6},
	doi = {10.1080/01402382.2018.1436321},
	url = {http://dx.doi.org/10.1080/01402382.2018.1436321},
	langid = {en}
}

@article{garand2010,
	title = {Income Inequality, Party Polarization, and Roll-Call Voting in the U.S. Senate},
	author = {{Garand}, {James C.}},
	year = {2010},
	month = {10},
	date = {2010-10},
	journal = {The Journal of Politics},
	pages = {1109--1128},
	volume = {72},
	number = {4},
	doi = {10.1017/s0022381610000563},
	url = {http://dx.doi.org/10.1017/S0022381610000563},
	langid = {en}
}

@article{han2015,
	title = {Income inequality, electoral systems and party polarisation},
	author = {{Han}, {Sung Min}},
	year = {2015},
	month = {05},
	date = {2015-05-22},
	journal = {European Journal of Political Research},
	pages = {582--600},
	volume = {54},
	number = {3},
	doi = {10.1111/1475-6765.12098},
	url = {http://dx.doi.org/10.1111/1475-6765.12098},
	langid = {en}
}

@article{samuels2001,
	title = {The Value of a Vote: Malapportionment in Comparative Perspective},
	author = {{Samuels}, {David} and {Synder}, {Richard}},
	year = {2001},
	month = {09},
	date = {2001-09-05},
	journal = {British Journal of Political Science},
	volume = {31},
	number = {04},
	doi = {10.1017/s0007123401000254},
	url = {http://dx.doi.org/10.1017/S0007123401000254},
	langid = {en}
}

@article{levendusky2009,
	title = {Clearer Cues, More Consistent Voters: A Benefit of Elite Polarization},
	author = {{Levendusky}, {Matthew}},
	year = {2009},
	month = {06},
	date = {2009-06-26},
	journal = {Political Behavior},
	pages = {111--131},
	volume = {32},
	number = {1},
	doi = {10.1007/s11109-009-9094-0},
	url = {http://dx.doi.org/10.1007/s11109-009-9094-0},
	langid = {en}
}

@book{poole1997,
  title = {Congress: A political-economic history of roll call voting},
  author = {{Poole}, {Keith T} and {Rosenthal}, {Howard}},
  year = {1997},
  publisher = {Oxford University Press on Demand}
}

@book{voteview,
  title = {Voteview: Congressional Roll-Call Votes Database},
  author = {{Lewis}, {Jeffrey B} and {Poole}, {Keith} and {Rosenthal}, {Howard} and {Boche}, {Adam} and {Rudkin}, {Aaron} and {Sonnet}, {Luke}},
  year = {2021},
  url = {https://voteview.com/}
}

@article{frank2014new,
  title = {A new state-level panel of annual inequality measures over the period 1916--2005},
  author = {Frank, Mark W},
  journal = {Journal of Business Strategies},
  volume = {31},
  number = {1},
  pages = {241--263},
  year = {2014},
  publisher = {Gibson D. Lewis Center for Business and Economic Development},
  url = {https://www.shsu.edu/eco_mwf/inequality.html}
}

@article{gunderson2021,
  title = {When Does Income Inequality Cause Polarization?},
  author = {Gunderson, Jacob},
  journal = {British Journal of Political Science},
  pages = {1-18},
  year = {2021},
  doi = {10.1017/S0007123421000053},
  url = {https://doi.org/10.1017/S0007123421000053}
}

@book{gerring1998,
  title = {Party ideologies in America, 1828-1996},
  author = {Gerring, John},
  year = {1998},
  publisher = {Cambridge University Press},
  url = {https://doi.org/10.1017/CBO9781139174992}
}

@inbook{pontusson2008,
  title = {Inequality as a source of political polarization: A comparative analysis of twelve OECD countries},
  author = {{Pontusson}, {Jonas} and {Rueda}, {David}},
  booktitle = {Democracy, inequality, and representation},
  editor = {{Beramendi}, {Pablo} and {Anderson}, {Christopher J.}},
  pages = {312--353},
  year = {2008},
  publisher = {Russell Sage Foundation New York},
  url = {https://www.russellsage.org/publications/democracy-inequality-and-representation-0}
}

@article{dettrey2013,
	title = {Has Growing Income Inequality Polarized the American Electorate? Class, Party, and Ideological Polarization*},
	author = {{Dettrey}, {Bryan J.} and {Campbell}, {James E.}},
	year = {2013},
	month = {04},
	date = {2013-04-09},
	journal = {Social Science Quarterly},
	pages = {1062--1083},
	volume = {94},
	number = {4},
	doi = {10.1111/ssqu.12026},
	url = {http://dx.doi.org/10.1111/ssqu.12026},
	langid = {en}
}

@inbook{barber,
	title = {Causes and Consequences of Polarization},
	author = {{Barber}, {Michael J.} and {McCarty}, {Nolan}},
	booktitle = {Solutions to Political Polarization in America},
	editor = {{Persily}, {Nathaniel}},
	publisher = {Cambridge University Press},
	pages = {15--58},
	year = {2015},
	doi = {10.1017/cbo9781316091906.002},
	url = {http://dx.doi.org/10.1017/cbo9781316091906.002}
}

@article{stepan2011,
	title = {Comparative Perspectives on Inequality and the Quality of Democracy in the United States},
	author = {{Stepan}, {Alfred} and {Linz}, {Juan J.}},
	year = {2011},
	month = {12},
	date = {2011-12},
	journal = {Perspectives on Politics},
	pages = {841--856},
	volume = {9},
	number = {4},
	doi = {10.1017/s1537592711003756},
	url = {http://dx.doi.org/10.1017/S1537592711003756},
	langid = {en}
}

@article{ardanaz2013,
	title = {Inequality and Personal Income Taxation},
	author = {{Ardanaz}, {Martin} and {Scartascini}, {Carlos}},
	year = {2013},
	month = {04},
	date = {2013-04-26},
	journal = {Comparative Political Studies},
	pages = {1636--1663},
	volume = {46},
	number = {12},
	doi = {10.1177/0010414013484118},
	url = {http://dx.doi.org/10.1177/0010414013484118},
	langid = {en}
}

@article{horiuchi2004,
	title = {Malapportionment and Income Inequality: A Cross-National Analysis},
	author = {{Horiuchi}, {Yusaku}},
	year = {2004},
	month = {01},
	date = {2004-01},
	journal = {British Journal of Political Science},
	pages = {179--183},
	volume = {34},
	number = {1},
	doi = {10.1017/s0007123403240394},
	url = {http://dx.doi.org/10.1017/S0007123403240394},
	langid = {en}
}

@article{enns2014,
	title = {Conditional Status Quo Bias and Top Income Shares: How U.S. Political Institutions Have Benefited the Rich},
	author = {{Enns}, {Peter K.} and {Kelly}, {Nathan J.} and {Morgan}, {Jana} and {Volscho}, {Thomas} and {Witko}, {Christopher}},
	year = {2014},
	month = {04},
	date = {2014-04},
	journal = {The Journal of Politics},
	pages = {289--303},
	volume = {76},
	number = {2},
	doi = {10.1017/s0022381613001321},
	url = {http://dx.doi.org/10.1017/s0022381613001321},
	langid = {en}
}

@article{cusack2007,
	title = {Economic Interests and the Origins of Electoral Systems},
	author = {{Cusack}, {Thomas R.} and {Iversen}, {Torben} and {Soskice}, {David}},
	year = {2007},
	month = {07},
	date = {2007-07-26},
	journal = {American Political Science Review},
	pages = {373--391},
	volume = {101},
	number = {3},
	doi = {10.1017/s0003055407070384},
	url = {http://dx.doi.org/10.1017/S0003055407070384},
	langid = {en}
}

@article{winkler2019,
	title = {The effect of income inequality on political polarization: Evidence from European regions, 2002-2014},
	author = {{Winkler}, {Hernan}},
	year = {2019},
	month = {02},
	date = {2019-02-17},
	journal = {Economics & Politics},
	pages = {137--162},
	volume = {31},
	number = {2},
	doi = {10.1111/ecpo.12129},
	url = {http://dx.doi.org/10.1111/ecpo.12129},
	langid = {en}
}

@article{solt2008,
	title = {Economic Inequality and Democratic Political Engagement},
	author = {{Solt}, {Frederick}},
	year = {2008},
	month = {01},
	date = {2008-01-18},
	journal = {American Journal of Political Science},
	pages = {48--60},
	volume = {52},
	number = {1},
	doi = {10.1111/j.1540-5907.2007.00298.x},
	url = {http://dx.doi.org/10.1111/j.1540-5907.2007.00298.x},
	langid = {en}
}

@book{piketty2014,
	title = {Capital in the Twenty-First Century},
	author = {{Piketty}, {Thomas}},
	year = {2014},
	publisher = {Harvard University Press},
	doi = {10.4159/9780674369542},
	url = {http://dx.doi.org/10.4159/9780674369542}
}

@inbook{mccarty2007,
	title = {The Policy Effects of Political Polarization},
	booktitle = {The Transformation of American Politics Activist Government and the Rise of Conservatism},
	author = {{McCarty}, {Nolan}},
	year = {2007},
	month = {12},
	date = {2007-12-31},
	publisher = {Princeton University Press},
	pages = {223--255},
	doi = {10.1515/9781400837502-013},
	url = {http://dx.doi.org/10.1515/9781400837502-013}
}

@article{gelman2010,
	title = {Income Inequality and Partisan Voting in the United States*},
	author = {{Gelman}, {Andrew} and {Kenworthy}, {Lane} and {Su}, {Yu-Sung}},
	year = {2010},
	month = {10},
	date = {2010-10-26},
	journal = {Social Science Quarterly},
	pages = {1203--1219},
	volume = {91},
	number = {5},
	doi = {10.1111/j.1540-6237.2010.00728.x},
	url = {http://dx.doi.org/10.1111/j.1540-6237.2010.00728.x},
	langid = {en}
}

@book{poole2005,
	title = {Spatial Models of Parliamentary Voting},
	author = {{Poole}, {Keith T.}},
	year = {2005},
	publisher = {Cambridge University Press},
	doi = {10.1017/cbo9780511614644},
	url = {http://dx.doi.org/10.1017/CBO9780511614644}
}

@book{poole2017,
	title = {Ideology & Congress},
	author = {{Poole}, {Keith T.} and {Rosenthal}, {Howard}},
	year = {2017},
	month = {09},
	date = {2017-09-04},
	publisher = {Routledge},
	doi = {10.4324/9780203789223},
	url = {http://dx.doi.org/10.4324/9780203789223}
}

@article{hacker2010,
	title = {Winner-Take-All Politics: Public Policy, Political Organization, and the Precipitous Rise of Top Incomes in the United States},
	author = {{Hacker}, {Jacob S.} and {Pierson}, {Paul}},
	year = {2010},
	month = {05},
	date = {2010-05-24},
	journal = {Politics & Society},
	pages = {152--204},
	volume = {38},
	number = {2},
	doi = {10.1177/0032329210365042},
	url = {http://dx.doi.org/10.1177/0032329210365042},
	langid = {en}
}

@book{bartels2008,
  title = {Unequal democracy: The Political Economy of the New Gilded Age},
  author = {Bartels, Larry M},
  year = {2008},
  publisher = {Princeton University Press},
  doi = {10.1515/9781400883363},
  url = {https://www.degruyter.com/document/doi/10.1515/9781400883363}
}

@article{smeeding2005,
	title = {Public Policy, Economic Inequality, and Poverty: The United States in Comparative Perspective*},
	author = {{Smeeding}, {Timothy M.}},
	year = {2005},
	month = {12},
	date = {2005-12},
	journal = {Social Science Quarterly},
	pages = {955--983},
	volume = {86},
	number = {s1},
	doi = {10.1111/j.0038-4941.2005.00331.x},
	url = {http://dx.doi.org/10.1111/j.0038-4941.2005.00331.x},
	langid = {en}
}

@article{atkinson2011,
	title = {Top Incomes in the Long Run of History},
	author = {{Atkinson}, {Anthony B} and {Piketty}, {Thomas} and {Saez}, {Emmanuel}},
	year = {2011},
	month = {03},
	date = {2011-03-01},
	journal = {Journal of Economic Literature},
	pages = {3--71},
	volume = {49},
	number = {1},
	doi = {10.1257/jel.49.1.3},
	url = {http://dx.doi.org/10.1257/jel.49.1.3},
	langid = {en}
}

@article{duca2016,
	title = {Income inequality, media fragmentation, and increased political polarization},
	author = {{Duca}, {John V.} and {Saving}, {Jason L.}},
	year = {2016},
	month = {08},
	date = {2016-08-05},
	journal = {Contemporary Economic Policy},
	pages = {392--413},
	volume = {35},
	number = {2},
	doi = {10.1111/coep.12191},
	url = {http://dx.doi.org/10.1111/coep.12191},
	langid = {en}
}

@techreport{boxell2020,
	title = {Cross-Country Trends in Affective Polarization},
	author = {{Boxell}, {Levi} and {Gentzkow}, {Matthew} and {Shapiro}, {Jesse}},
	year = {2020},
	month = {01},
	date = {2020-01},
	doi = {10.3386/w26669},
	url = {http://dx.doi.org/10.3386/w26669}
}

@article{martin2017,
	title = {Bias in Cable News: Persuasion and Polarization},
	author = {{Martin}, {Gregory J.} and {Yurukoglu}, {Ali}},
	year = {2017},
	month = {09},
	date = {2017-09-01},
	journal = {American Economic Review},
	pages = {2565--2599},
	volume = {107},
	number = {9},
	doi = {10.1257/aer.20160812},
	url = {http://dx.doi.org/10.1257/aer.20160812},
	langid = {en}
}

@article{levendusky2013,
	title = {Partisan Media Exposure and Attitudes Toward the Opposition},
	author = {{Levendusky}, {Matthew}},
	year = {2013},
	month = {10},
	date = {2013-10},
	journal = {Political Communication},
	pages = {565--581},
	volume = {30},
	number = {4},
	doi = {10.1080/10584609.2012.737435},
	url = {http://dx.doi.org/10.1080/10584609.2012.737435},
	langid = {en}
}

@article{iyengar2019,
	title = {The Origins and Consequences of Affective Polarization in the United States},
	author = {{Iyengar}, {Shanto} and {Lelkes}, {Yphtach} and {Levendusky}, {Matthew} and {Malhotra}, {Neil} and {Westwood}, {Sean J.}},
	year = {2019},
	month = {05},
	date = {2019-05-11},
	journal = {Annual Review of Political Science},
	pages = {129--146},
	volume = {22},
	number = {1},
	doi = {10.1146/annurev-polisci-051117-073034},
	url = {http://dx.doi.org/10.1146/annurev-polisci-051117-073034},
	langid = {en}
}

@article{hetherington2009,
	title = {Review Article: Putting Polarization in Perspective},
	author = {{Hetherington}, {Marc J.}},
	year = {2009},
	month = {04},
	date = {2009-04},
	journal = {British Journal of Political Science},
	pages = {413--448},
	volume = {39},
	number = {2},
	doi = {10.1017/s0007123408000501},
	url = {http://dx.doi.org/10.1017/S0007123408000501},
	langid = {en}
}

@book{lee1999,
  title = {Sizing up the Senate: The unequal consequences of equal representation},
  author = {Lee, Frances E and Oppenheimer, Bruce I},
  year = {1999},
  publisher = {University of Chicago Press},
  url = {https://press.uchicago.edu/ucp/books/book/chicago/S/bo3636044.html}
}

@article{loosemore1971,
	title = {The Theoretical Limits of Maximum Distortion: Some Analytic Expressions for Electoral Systems},
	author = {{Loosemore}, {John} and {Hanby}, {Victor J.}},
	year = {1971},
	month = {10},
	date = {1971-10},
	journal = {British Journal of Political Science},
	pages = {467--477},
	volume = {1},
	number = {4},
	doi = {10.1017/s000712340000925x},
	url = {http://dx.doi.org/10.1017/S000712340000925X},
	langid = {en}
}

@article{wawro2004,
	title = {Where's the Pivot? Obstruction and Lawmaking in the Pre-cloture Senate},
	author = {{Wawro}, {Gregory J.} and {Schickler}, {Eric}},
	year = {2004},
	month = {10},
	date = {2004-10},
	journal = {American Journal of Political Science},
	pages = {758--774},
	volume = {48},
	number = {4},
	doi = {10.1111/j.0092-5853.2004.00100.x},
	url = {http://dx.doi.org/10.1111/j.0092-5853.2004.00100.x},
	langid = {en}
}

@data{klarner2013,
	author = {Klarner, Carl},
	publisher = {Harvard Dataverse},
	title = {State Partisan Balance Data, 1937 - 2011},
	year = {2013},
	version = {DRAFT VERSION},
	doi = {10.7910/DVN/LZHMG3},
	url = {https://doi.org/10.7910/DVN/LZHMG3}
}

@article{crs2019,
  title = {Party Leaders in the United States Congress, 1789-2019},
  author = {Heitshusen, Valerie},
  year = {2019},
  journal = {Congressional Research Service},
  url = {https://crsreports.congress.gov/product/pdf/RL/RL30567}
}

@article{king1988,
	title = {Statistical Models for Political Science Event Counts: Bias in Conventional Procedures and Evidence for the Exponential Poisson Regression Model},
	author = {{King}, {Gary}},
	year = {1988},
	month = {08},
	date = {1988-08},
	journal = {American Journal of Political Science},
	pages = {838},
	volume = {32},
	number = {3},
	doi = {10.2307/2111248},
	url = {http://dx.doi.org/10.2307/2111248}
}

@article{zorn2001,
	title = {Generalized Estimating Equation Models for Correlated Data: A Review with Applications},
	author = {{Zorn}, {Christopher J.}},
	year = {2001},
	month = {04},
	date = {2001-04},
	journal = {American Journal of Political Science},
	pages = {470},
	volume = {45},
	number = {2},
	doi = {10.2307/2669353},
	url = {http://dx.doi.org/10.2307/2669353}
}

@article{deboef2008,
	title = {Taking Time Seriously},
	author = {{De Boef}, {Suzanna} and {Keele}, {Luke}},
	year = {2008},
	month = {01},
	date = {2008-01-18},
	journal = {American Journal of Political Science},
	pages = {184--200},
	volume = {52},
	number = {1},
	doi = {10.1111/j.1540-5907.2007.00307.x},
	url = {http://dx.doi.org/10.1111/j.1540-5907.2007.00307.x},
	langid = {en}
}

@article{freeman1983,
	title = {Granger Causality and the Times Series Analysis of Political Relationships},
	author = {{Freeman}, {John R.}},
	year = {1983},
	month = {05},
	date = {1983-05},
	journal = {American Journal of Political Science},
	pages = {327},
	volume = {27},
	number = {2},
	doi = {10.2307/2111021},
	url = {http://dx.doi.org/10.2307/2111021}
}

@article{grant2016,
	title = {Error Correction Methods with Political Time Series},
	author = {{Grant}, {Taylor} and {Lebo}, {Matthew J.}},
	year = {2016},
	date = {2016},
	journal = {Political Analysis},
	pages = {3--30},
	volume = {24},
	number = {1},
	doi = {10.1093/pan/mpv027},
	url = {http://dx.doi.org/10.1093/pan/mpv027},
	langid = {en}
}

@article{keele2016,
	title = {Treating Time with All Due Seriousness},
	author = {{Keele}, {Luke} and {Linn}, {Suzanna} and {Webb}, {Clayton McLaughlin}},
	year = {2016},
	date = {2016},
	journal = {Political Analysis},
	pages = {31--41},
	volume = {24},
	number = {1},
	doi = {10.1093/pan/mpv031},
	url = {http://dx.doi.org/10.1093/pan/mpv031},
	langid = {en}
}

@article{enns2016,
	title = {Don{\textquoteright}t jettison the general error correction model just yet: A practical guide to avoiding spurious regression with the GECM},
	author = {{Enns}, {Peter K.} and {Kelly}, {Nathan J.} and {Masaki}, {Takaaki} and {Wohlfarth}, {Patrick C.}},
	year = {2016},
	month = {04},
	date = {2016-04-01},
	journal = {Research & Politics},
	pages = {205316801664334},
	volume = {3},
	number = {2},
	doi = {10.1177/2053168016643345},
	url = {http://dx.doi.org/10.1177/2053168016643345},
	langid = {en}
}

@article{murray1994,
	title = {A Drunk and Her Dog: An Illustration of Cointegration and Error Correction},
	author = {{Murray}, {Michael P.}},
	year = {1994},
	month = {02},
	date = {1994-02},
	journal = {The American Statistician},
	pages = {37},
	volume = {48},
	number = {1},
	doi = {10.2307/2685084},
	url = {http://dx.doi.org/10.2307/2685084}
}

@article{freeman1989,
	title = {Vector Autoregression and the Study of Politics},
	author = {{Freeman}, {John R.} and {Williams}, {John T.} and {Lin}, {Tse-min}},
	year = {1989},
	month = {11},
	date = {1989-11},
	journal = {American Journal of Political Science},
	pages = {842},
	volume = {33},
	number = {4},
	doi = {10.2307/2111112},
	url = {http://dx.doi.org/10.2307/2111112}
}

@article{ericsson2002,
	title = {Distributions of error correction tests for cointegration},
	author = {{Ericsson}, {Neil R.} and {MacKinnon}, {James G.}},
	year = {2002},
	month = {12},
	date = {2002-12},
	journal = {The Econometrics Journal},
	pages = {285--318},
	volume = {5},
	number = {2},
	doi = {10.1111/1368-423x.00085},
	url = {http://dx.doi.org/10.1111/1368-423X.00085},
	langid = {en}
}

@article{dauer1955,
	title = {Unrepresentative states},
	author = {{Dauer}, {Manning J.} and {Kelsay}, {Robert G.}},
	year = {1955},
	month = {12},
	date = {1955-12},
	journal = {National Municipal Review},
	pages = {571--575},
	volume = {44},
	number = {11},
	doi = {10.1002/ncr.4110441106},
	url = {http://dx.doi.org/10.1002/ncr.4110441106},
	langid = {en}
}

@inbook{demouzon2021,
	title = {{\textquotedblleft}One Man, One Vote{\textquotedblright} Part 2: Measurement of Malapportionment and Disproportionality and the Lorenz Curve A: Introduction and Measurement Tools},
	author = {{de Mouzon}, {Olivier} and {Laurent}, {Thibault} and {Le Breton}, {Michel}},
	year = {2021},
	date = {2021},
	publisher = {Springer International Publishing},
	pages = {615--631},
	doi = {10.1007/978-3-030-73249-3_31},
	url = {http://dx.doi.org/10.1007/978-3-030-73249-3_31}
}

@article{cervas2020,
	title = {Legal, Political Science, and Economics Approaches to Measuring Malapportionment: The U.S. House, Senate, and Electoral College 1790{\textendash}2010},
	author = {{Cervas}, {Jonathan} and {Grofman}, {Bernard}},
	year = {2020},
	month = {10},
	date = {2020-10},
	journal = {Social Science Quarterly},
	pages = {2238--2256},
	volume = {101},
	number = {6},
	doi = {10.1111/ssqu.12871},
	url = {http://dx.doi.org/10.1111/ssqu.12871},
	langid = {en}
}

@inproceedings{goerg2013,
  title = {Forecastable component analysis},
  author = {Goerg, Georg},
  booktitle = {International conference on machine learning},
  volume = {28},
  number = {2},
  pages = {64--72},
  year = {2013},
  publisher = {Proceedings of Machine Learning Research},
  url = {https://proceedings.mlr.press/v28/goerg13.html}
}

@article{granger1988,
	title = {Some recent development in a concept of causality},
	author = {{Granger}, {C.W.J.}},
	year = {1988},
	month = {09},
	date = {1988-09},
	journal = {Journal of Econometrics},
	pages = {199--211},
	volume = {39},
	number = {1-2},
	doi = {10.1016/0304-4076(88)90045-0},
	url = {http://dx.doi.org/10.1016/0304-4076(88)90045-0},
	langid = {en}
}

@unpublished{linn2021,
	author = {{Linn}, {Suzanna} and {Lebo}, {Matthew} and {Webb}, {Clayton}},
	title = {A Practical Guide to Time Series Analysis},
	year = {2021},
	note  = {unpublished},
	}

@article{engle1983,
	title = {Exogeneity},
	author = {{Engle}, {Robert F.} and {Hendry}, {David F.} and {Richard}, {Jean-Francois}},
	year = {1983},
	month = {03},
	date = {1983-03},
	journal = {Econometrica},
	pages = {277},
	volume = {51},
	number = {2},
	doi = {10.2307/1911990},
	url = {http://dx.doi.org/10.2307/1911990}
}

@article{white2010,
	title = {Granger Causality and Dynamic Structural Systems},
	author = {{White}, {H.} and {Lu}, {X.}},
	year = {2010},
	month = {03},
	date = {2010-03-19},
	journal = {Journal of Financial Econometrics},
	pages = {193--243},
	volume = {8},
	number = {2},
	doi = {10.1093/jjfinec/nbq006},
	url = {http://dx.doi.org/10.1093/jjfinec/nbq006},
	langid = {en}
}

@article{urbain1992,
	title = {On weak exogeneity in error correction models},
	author = {{Urbain}, {Jean-Pierre}},
	year = {1992},
	month = {05},
	journal = {Oxford Bulletin of Economics and Statistics},
	pages = {187--207},
	volume = {54},
	number = {2},
	doi = {10.1111/j.1468-0084.1992.mp54002004.x},
	url = {http://dx.doi.org/10.1111/j.1468-0084.1992.mp54002004.x},
	langid = {en}
}

@article{engle1987,
	title = {Co-Integration and Error Correction: Representation, Estimation, and Testing},
	author = {{Engle}, {Robert F.} and {Granger}, {C. W. J.}},
	year = {1987},
	month = {03},
	date = {1987-03},
	journal = {Econometrica},
	pages = {251},
	volume = {55},
	number = {2},
	doi = {10.2307/1913236},
	url = {http://dx.doi.org/10.2307/1913236}
}

@article{kelly2010,
	title = {Inequality and the Dynamics of Public Opinion: The Self-Reinforcing Link Between Economic Inequality and Mass Preferences},
	author = {{Kelly}, {Nathan J.} and {Enns}, {Peter K.}},
	year = {2010},
	month = {07},
	date = {2010-07-21},
	journal = {American Journal of Political Science},
	pages = {855--870},
	volume = {54},
	number = {4},
	doi = {10.1111/j.1540-5907.2010.00472.x},
	url = {http://dx.doi.org/10.1111/j.1540-5907.2010.00472.x},
	langid = {en}
}

@article{johansen1988,
	title = {Statistical analysis of cointegration vectors},
	author = {{Johansen}, {Søren}},
	year = {1988},
	month = {06},
	date = {1988-06},
	journal = {Journal of Economic Dynamics and Control},
	pages = {231--254},
	volume = {12},
	number = {2-3},
	doi = {10.1016/0165-1889(88)90041-3},
	url = {http://dx.doi.org/10.1016/0165-1889(88)90041-3},
	langid = {en}
}

@misc{census2021,
	title = {Historical Apportionment Data (1910-2020)},
	url = {https://www.census.gov/data/tables/time-series/dec/apportionment-data-text.html},
	language = {EN-US},
	year = {2021},
	date = {2021-04-26},
	journal = {Census.gov},
	author = {Census Bureau, United States},
}

@misc{census2021b,
	title = {Historical Population Change Data (1910-2020)},
	url = {https://www.census.gov/data/tables/time-series/dec/popchange-data-text.html},
	language = {EN-US},
	date = {2021-04-26},
	year = {2021},
	journal = {Census.gov},
	author = {Census Bureau, United States},
}

@book{wir2018,
  title = {The World Inequality Report},
  author = {{Alvaredo}, {Facundo} and {Chancel}, {Lucas} and {Piketty}, {Thomas} and {Saez}, {Emmanuel} and {Zucman}, {Gabriel}},
  year = {2018},
  publisher = {Harvard University Press}
}

@incollection{senate,
	title = {The Constitutional Background},
	booktitle = {Organization of the Congress: Final Report of the House Members of the Joint Committee on the Organization of Congress},
	author = {{United States Congress}},
	year = {1993},
	url = {https://archives-democrats-rules.house.gov/Archives/jcoc2br.htm}
}

@incollection{fed62,
	title = {Federalist No. 62: The Senate},
	author = {James Madison},
	booktitle = {The Federalist Papers},
	year = {1788},
	url = {https://avalon.law.yale.edu/18th_century/fed62.asp}
}

@article{cheung1995,
	title = {Lag Order and Critical Values of the Augmented Dickey-Fuller Test},
	author = {{Cheung}, {Yin-Wong} and {Lai}, {Kon S.}},
	year = {1995},
	month = {07},
	date = {1995-07},
	journal = {Journal of Business and Economic Statistics},
	pages = {277},
	volume = {13},
	number = {3},
	doi = {10.2307/1392187},
	url = {http://dx.doi.org/10.2307/1392187}
}

@mastersthesis{morse2021,
  author = {{Morse}, {Nathan}},
  title = {Untangling Ideology and Inequality in the United States: How Polarization Deepens Economic Inequality},
  school = {Pennsylvania State University},
  year = {2021},
  url = {http://nmorse.com/thesis}
}

@article{allison1978,
	title = {Measures of Inequality},
	author = {{Allison}, {Paul D.}},
	year = {1978},
	month = {12},
	date = {1978-12},
	journal = {American Sociological Review},
	pages = {865},
	volume = {43},
	number = {6},
	doi = {10.2307/2094626},
	url = {http://dx.doi.org/10.2307/2094626}
}

@article{johnson1997,
	title = {Changes in Earnings Inequality: The Role of Demand Shifts},
	author = {{Johnson}, {George E}},
	year = {1997},
	month = {05},
	date = {1997-05-01},
	journal = {Journal of Economic Perspectives},
	pages = {41--54},
	volume = {11},
	number = {2},
	doi = {10.1257/jep.11.2.41},
	url = {http://dx.doi.org/10.1257/jep.11.2.41},
	langid = {en}
}

@article{card2002,
	title = {Skill{-}Biased Technological Change and Rising Wage Inequality: Some Problems and Puzzles},
	author = {{Card}, {David} and {DiNardo}, {John E.}},
	year = {2002},
	month = {10},
	date = {2002-10},
	journal = {Journal of Labor Economics},
	pages = {733--783},
	volume = {20},
	number = {4},
	doi = {10.1086/342055},
	url = {http://dx.doi.org/10.1086/342055},
	langid = {en}
}

@book{holzer2011,
  title = {Where are all the good jobs going?: what national and local job quality and dynamics mean for US workers},
  author = {Holzer, Harry J and Lane, Julia I and Rosenblum, David B and Andersson, Fredrik},
  year = {2011},
  publisher = {Russell Sage Foundation},
  url = {https://www.russellsage.org/publications/where-are-all-good-jobs-going}
}

@article{western2011,
	title = {Unions, Norms, and the Rise in U.S. Wage Inequality},
	author = {{Western}, {Bruce} and {Rosenfeld}, {Jake}},
	year = {2011},
	month = {08},
	date = {2011-08},
	journal = {American Sociological Review},
	pages = {513--537},
	volume = {76},
	number = {4},
	doi = {10.1177/0003122411414817},
	url = {http://dx.doi.org/10.1177/0003122411414817},
	langid = {en}
}

@article{kochan2016,
	title = {Employment relations and growing income inequality: Causes and potential options for its reversal},
	author = {{Kochan}, {Thomas A} and {Riordan}, {Christine A}},
	year = {2016},
	month = {04},
	date = {2016-04-19},
	journal = {Journal of Industrial Relations},
	pages = {419--440},
	volume = {58},
	number = {3},
	doi = {10.1177/0022185616634337},
	url = {http://dx.doi.org/10.1177/0022185616634337},
	langid = {en}
}

@article{vanarnum2013,
	title = {Financialization and Income Inequality in the United States, 1967-2010},
	author = {{Van Arnum}, {Bradford M.} and {Naples}, {Michele I.}},
	year = {2013},
	month = {10},
	date = {2013-10-18},
	journal = {American Journal of Economics and Sociology},
	pages = {1158--1182},
	volume = {72},
	number = {5},
	doi = {10.1111/ajes.12036},
	url = {http://dx.doi.org/10.1111/ajes.12036},
	langid = {en}
}

@article{piketty2003,
	title = {Income Inequality in the United States, 1913-1998},
	author = {{Piketty}, {Thomas} and {Saez}, {Emmanuel}},
	year = {2003},
	month = {02},
	date = {2003-02-01},
	journal = {The Quarterly Journal of Economics},
	pages = {1--41},
	volume = {118},
	number = {1},
	doi = {10.1162/00335530360535135},
	url = {http://dx.doi.org/10.1162/00335530360535135},
	langid = {en}
}

@book{page2009,
  title = {Class War? What Americans Really Think about Economic Inequality},
  author = {{Page}, {Benjamin I} and {Jacobs}, {Lawrence R}},
  year = {2009},
  publisher = {University of Chicago Press},
  url = {https://press.uchicago.edu/ucp/books/book/chicago/C/bo6683623.html}
}

@article{bonica2013,
	title = {Why Hasn't Democracy Slowed Rising Inequality?},
	author = {{Bonica}, {Adam} and {McCarty}, {Nolan} and {Poole}, {Keith T} and {Rosenthal}, {Howard}},
	year = {2013},
	month = {08},
	date = {2013-08-01},
	journal = {Journal of Economic Perspectives},
	pages = {103--124},
	volume = {27},
	number = {3},
	doi = {10.1257/jep.27.3.103},
	url = {http://dx.doi.org/10.1257/jep.27.3.103},
	langid = {en}
}

@book{wir2018,
  title = {The World Inequality Report},
  author = {{Alvaredo}, {Facundo} and {Chancel}, {Lucas} and {Piketty}, {Thomas} and {Saez}, {Emmanuel} and {Zucman}, {Gabriel}},
  year = {2018},
  publisher = {Harvard University Press},
  url = {https://wir2018.wid.world/}
}

@book{schlozman2012,
	title = {The Unheavenly Chorus},
	author = {{Schlozman}, {Kay Lehman} and {Verba}, {Sidney} and {Brady}, {Henry E.}},
	year = {2012},
	month = {12},
	date = {2012-12-31},
	publisher = {Princeton University Press},
	doi = {10.1515/9781400841912},
	url = {http://dx.doi.org/10.1515/9781400841912}
}

@article{gilens2012,
	title = {Affluence and Influence},
	author = {{Gilens}, {Martin}},
	year = {2012},
	month = {07},
	date = {2012-07-22},
	doi = {10.1515/9781400844821},
	url = {http://dx.doi.org/10.1515/9781400844821}
}

@article{stimson2012,
	title = {On the Meaning & Measurement of Mood},
	author = {{Stimson}, {James A.}},
	year = {2012},
	month = {10},
	date = {2012-10},
	journal = {Daedalus},
	pages = {23--34},
	volume = {141},
	number = {4},
	doi = {10.1162/daed_a_00171},
	url = {http://dx.doi.org/10.1162/DAED_a_00171},
	langid = {en}
}

@book{carmines1989,
  title = {Issue Evolution: Race and the Transformation of American Politics},
  author = {{Carmines}, {Edward G.} and {Stimson}, {James A.}},
  url = {https://doi.org/10.2307/j.ctv141636r},
  year = {1989},
  publisher = {Princeton University Press}
}

@article{kuziemko2018,
	title = {Why Did the Democrats Lose the South? Bringing New Data to an Old Debate},
	author = {{Kuziemko}, {Ilyana} and {Washington}, {Ebonya}},
	year = {2018},
	month = {10},
	date = {2018-10-01},
	journal = {American Economic Review},
	pages = {2830--2867},
	volume = {108},
	number = {10},
	doi = {10.1257/aer.20161413},
	url = {http://dx.doi.org/10.1257/aer.20161413},
	langid = {en}
}

@misc{volkens2020,
	title = {Manifesto Project Dataset},
	author = {{Volkens}, {Andrea} and {Burst}, {Tobias} and {Krause}, {Werner} and {Lehmann}, {Pola} and {Matthieß} {Theres} and {Merz}, {Nicolas} and {Regel}, {Sven} and {Weßels}, {Bernhard} and {Zehnter}, {Lisa}},
	year = {2020},
	publisher = {Manifesto Project},
	doi = {10.25522/MANIFESTO.MPDS.2020B},
	url = {https://manifesto-project.wzb.eu/doi/manifesto.mpds.2020b},
	langid = {en}
}

@misc{vdemparties,
	title = {V-Party Dataset v1},
	author = {{Lührmann}, {Anna} and {Düpont}, {Nils} and {Higashijima}, {Masaaki} and {Berker Kavasoglu}, {Yaman} and {Marquardt}, {Kyle L.} and {Bernhard}, {Michael} and {Döring}, {Holger} and {Hicken}, {Allen} and {Laebens}, {Melis} and {Lindberg}, {Staffan I.} and {Medzihorsky}, {Juraj} and {Neundorf}, {Anja} and {Reuter}, {John}, {Ora} and {Ruth-Lovell}, {Saskia} and {Weghorst}, {Keith R.} and {Wiesehomeier}, {Nina} and {Wright}, {Joseph} and {Alizada}, {Nazifa} and {Bederke}, {Paul} and {Gastaldi}, {Lisa} and {Grahn}, {Sandra} and {Hindle}, {Garry} and {Ilchenko}, {Nina} and {von Römer}, {Johannes} and {Wilson}, {Steven} and {Pemstein}, {Daniel} and {Seim}, {Brigitte}},
	year = {2020},
	publisher = {V-Dem Institute},
	doi = {10.23696/VPARTYDSV1},
	url = {https://www.v-dem.net/en/data/data/v-party-dataset/},
	langid = {en}
}

@article{grossman2016,
	title = {Asymmetric Politics},
	author = {{Grossman}, {Matt} and {Hopkins}, {David A.}},
	publisher = {Oxford University Press},
	year = {2016},
	month = {10},
	date = {2016-10-27},
	doi = {10.1093/acprof:oso/9780190626594.001.0001},
	url = {http://dx.doi.org/10.1093/acprof:oso/9780190626594.001.0001}
}

@book{downs1957,
  title = {An Economic Theory of Democracy},
  author = {{Downs}, {Anthony}},
  url = {https://books.google.com/books?id=kLEGAAAAMAAJ},
  year = {1957},
  publisher = {Harper}
}


@misc{mit2017a,
	author = {{MIT Election Data and Science Lab}},
	publisher = {Harvard Dataverse},
	title = {{U.S. House 1976–2020}},
	year = {2017},
	version = {V9},
	doi = {10.7910/DVN/IG0UN2},
	url = {https://doi.org/10.7910/DVN/IG0UN2}
}

@misc{mit2017b,
	author = {{MIT Election Data and Science Lab}},
	publisher = {Harvard Dataverse},
	title = {{U.S. President 1976–2020}},
	year = {2017},
	version = {V6},
	doi = {10.7910/DVN/IG0UN2},
	url = {https://doi.org/10.7910/DVN/IG0UN2}
}

@misc{mit2017c,
	author = {{MIT Election Data and Science Lab}},
	publisher = {Harvard Dataverse},
	title = {{U.S. Senate 1976–2020}},
	year = {2017},
	version = {V5},
	doi = {10.7910/DVN/PEJ5QU},
	url = {https://doi.org/10.7910/DVN/PEJ5QU}
}

@article{monroe1994,
	title = {Disproportionality and malapportionment: Measuring electoral inequity},
	author = {{Monroe}, {Burt L.}},
	year = {1994},
	month = {06},
	date = {1994-06},
	journal = {Electoral Studies},
	pages = {132--149},
	volume = {13},
	number = {2},
	doi = {10.1016/0261-3794(94)90031-0},
	url = {http://dx.doi.org/10.1016/0261-3794(94)90031-0},
	langid = {en}
}

@article{mccoy2018,
	title = {Polarization and the Global Crisis of Democracy: Common Patterns, Dynamics, and Pernicious Consequences for Democratic Polities},
	author = {{McCoy}, {Jennifer} and {Rahman}, {Tahmina} and {Somer}, {Murat}},
	year = {2018},
	month = {01},
	date = {2018-01},
	journal = {American Behavioral Scientist},
	pages = {16--42},
	volume = {62},
	number = {1},
	doi = {10.1177/0002764218759576},
	url = {http://dx.doi.org/10.1177/0002764218759576},
	langid = {en}
}

@article{walsh2012,
	title = {Putting Inequality in Its Place: Rural Consciousness and the Power of Perspective},
	author = {{Walsh}, {Katherine Cramer}},
	year = {2012},
	month = {07},
	date = {2012-07-30},
	journal = {American Political Science Review},
	pages = {517--532},
	volume = {106},
	number = {3},
	doi = {10.1017/s0003055412000305},
	url = {http://dx.doi.org/10.1017/S0003055412000305},
	langid = {en}
}

@article{schmitt2012,
  title = {The minimum wage is too damn low},
  author = {{Schmitt}, {John}},
  year = {2012},
  publisher = {Center for Economic and Policy Research},
  url = {https://www.cepr.net/documents/publications/min-wage1-2012-03.pdf}
}

@article{baker2020,
  title = {This is What Minimum Wage Would Be If It Kept Pace with Productivity},
  author = {{Baker}, {Dean}},
  date = {2020-01-21},
  year = {2020},
  publisher = {Center for Economic and Policy Research},
  url = {https://cepr.net/this-is-what-minimum-wage-would-be-if-it-kept-pace-with-productivity/}
}

@article{gallagher1991,
	title = {Proportionality, disproportionality and electoral systems},
	author = {{Gallagher}, {Michael}},
	year = {1991},
	month = {03},
	date = {1991-03},
	journal = {Electoral Studies},
	pages = {33--51},
	volume = {10},
	number = {1},
	doi = {10.1016/0261-3794(91)90004-c},
	url = {http://dx.doi.org/10.1016/0261-3794(91)90004-C},
	langid = {en}
}

@data{klarner2018,
	author = {{Klarner}, {Carl}},
	publisher = {Harvard Dataverse},
	title = {{State Legislative Election Returns, 1967-2016}},
	UNF = {UNF:6:pV4h1CP/B8pHthjjQThTTw==},
	year = {2018},
	version = {V3},
	doi = {10.7910/DVN/3WZFK9},
	url = {https://doi.org/10.7910/DVN/3WZFK9}
}

@article{kelly2012,
	title = {Federalism and American Inequality},
	author = {{Kelly}, {Nathan J.} and {Witko}, {Christopher}},
	year = {2012},
	month = {04},
	date = {2012-04},
	journal = {The Journal of Politics},
	pages = {414--426},
	volume = {74},
	number = {2},
	doi = {10.1017/s0022381611001678},
	url = {http://dx.doi.org/10.1017/S0022381611001678},
	langid = {en}
}

@data{shor2020,
	author = {{Shor}, {Boris}},
	publisher = {Harvard Dataverse},
	title = {{Aggregate State Legislator Shor-McCarty Ideology Data}},
	year = {2020},
	doi = {10.7910/DVN/AP54NE},
	url = {https://doi.org/10.7910/DVN/AP54NE}
}

@article{pedroni2013,
	title = {Structural Panel VARs},
	author = {{Pedroni}, {Peter}},
	year = {2013},
	month = {09},
	date = {2013-09-24},
	journal = {Econometrics},
	pages = {180--206},
	volume = {1},
	number = {2},
	doi = {10.3390/econometrics1020180},
	url = {http://dx.doi.org/10.3390/econometrics1020180},
	langid = {en}
}

@article{boix2003,
	title = {Endogenous Democratization},
	author = {{Boix}, {Carles} and {Stokes}, {Susan C.}},
	year = {2003},
	month = {07},
	date = {2003-07},
	journal = {World Politics},
	pages = {517--549},
	volume = {55},
	number = {4},
	doi = {10.1353/wp.2003.0019},
	url = {http://dx.doi.org/10.1353/wp.2003.0019},
	langid = {en}
}

@article{lipset1959,
	title = {Some Social Requisites of Democracy: Economic Development and Political Legitimacy},
	author = {{Lipset}, {Seymour Martin}},
	year = {1959},
	month = {03},
	date = {1959-03},
	journal = {American Political Science Review},
	pages = {69--105},
	volume = {53},
	number = {1},
	doi = {10.2307/1951731},
	url = {http://dx.doi.org/10.2307/1951731},
	langid = {en}
}

@book{friedman1962,
  title = {Capitalism and freedom},
  author = {Friedman, Milton},
  year = {1962},
  publisher = {University of Chicago press},
  url = {https://press.uchicago.edu/ucp/books/book/chicago/C/bo68666099.html}
}

@article{versteeg2016,
	title = {Constitutions Unentrenched: Toward an Alternative Theory of Constitutional Design},
	author = {{Versteeg}, {Mila} and {Zackin}, {Emily}},
	year = {2016},
	month = {11},
	date = {2016-11},
	journal = {American Political Science Review},
	pages = {657--674},
	volume = {110},
	number = {4},
	doi = {10.1017/s0003055416000447},
	url = {http://dx.doi.org/10.1017/S0003055416000447},
	langid = {en}
}

@book{elkins2009,
	title = {The Endurance of National Constitutions},
	author = {{Elkins}, {Zachary} and {Ginsburg}, {Tom} and {Melton}, {James}},
	year = {2009},
	publisher = {Cambridge University Press},
	url = {https://doi.org/10.1017/CBO9780511817595}
}

@article{negretto2012,
	title = {Replacing and Amending Constitutions: The Logic of Constitutional Change in Latin America},
	author = {{Negretto}, {Gabriel L.}},
	year = {2012},
	month = {12},
	date = {2012-12},
	journal = {Law & Society Review},
	pages = {749--779},
	volume = {46},
	number = {4},
	url = {https://www.jstor.org/stable/23357911}
}

@article{hammons1999,
	title = {Was James Madison Wrong? Rethinking the American Preference for Short, Framework-Oriented Constitutions},
	author = {{Hammons}, {Christopher W.}},
	year = {1999},
	month = {12},
	date = {1999-12},
	journal = {American Political Science Review},
	pages = {837--849},
	volume = {93},
	number = {4},
	url = {https://doi.org/10.2307/2586116}
}

@article{zucman2019,
	title = {Global Wealth Inequality},
	author = {{Zucman}, {Gabriel}},
	year = {2019},
	month = {08},
	date = {2019-08-02},
	journal = {Annual Review of Economics},
	pages = {109--138},
	volume = {11},
	number = {1},
	doi = {10.1146/annurev-economics-080218-025852},
	url = {http://dx.doi.org/10.1146/annurev-economics-080218-025852},
	langid = {en}
}

@book{wid2021,
  title={Distributional National Accounts guidelines: Methods and concepts used in the World Inequality Database},
  author={ {Blanchet}, {Thomas} and {Chancel}, {Lucas} and {Flores}, {Ignacio} and {Morgan}, {Marc} },
  publisher={World Inequality Lab},
  year={2021},
  url={https://wid.world/}
}

@misc{vdem,
  author = {Coppedge, Michael and Gerring, John and Knutsen, Carl Henrik and
  Lindberg, Staffan I. and Teorell, Jan and Alizada, Nazifa and Altman, David and
  Bernhard, Michael and Cornell, Agnes and Fish, M. Steven and Gastaldi, Lisa and
  Gjerl{\o}w, Haakon and Glynn, Adam and Hicken, Allen and Hindle, Garry and
  Ilchenko, Nina and Krusell, Joshua and L{\"u}hrmann, Anna and Maerz, Seraphine F.
  and Marquardt, Kyle L. and McMann, Kelly and Mechkova, Valeriya and
  Medzihorsky, Juraj and Paxton, Pamela and Pemstein, Daniel and Pernes, Josefine
  and von R{\"o}mer, Johannes and Seim, Brigitte and Sigman, Rachel and
  Skaaning, Svend-Erik and Staton, Jeffrey and Sundstr{\"o}m, Aksel and
  Tzelgov, Eitan and Wang, Yi-ting and Wig, Tore and Wilson, Steven and
  Ziblatt, Daniel},
  title = {V-Dem Country-Year Dataset v11.1},
  url = {https://doi.org/10.23696/vdemds21},
  publisher = {Varieties of Democracy (V-Dem) Project},
  year = {2021}
}

@article{pierson2020,
	title = {Madison's Constitution Under Stress: A Developmental Analysis of Political Polarization},
	author = {{Pierson}, {Paul} and {Schickler}, {Eric}},
	year = {2020},
	month = {05},
	date = {2020-05-11},
	journal = {Annual Review of Political Science},
	pages = {37--58},
	volume = {23},
	number = {1},
	doi = {10.1146/annurev-polisci-050718-033629},
	url = {http://dx.doi.org/10.1146/annurev-polisci-050718-033629},
	langid = {en}
}

@article{leonard2021,
	title = {The nonlinear feedback dynamics of asymmetric political polarization},
	author = {{Leonard}, {Naomi Ehrich} and {Lipsitz}, {Keena} and {Bizyaeva}, {Anastasia} and {Franci}, {Alessio} and {Lelkes}, {Yphtach}},
	year = {2021},
	month = {12},
	date = {2021-12-07},
	journal = {Proceedings of the National Academy of Sciences},
	pages = {e2102149118},
	volume = {118},
	number = {50},
	doi = {10.1073/pnas.2102149118},
	url = {http://dx.doi.org/10.1073/pnas.2102149118},
	langid = {en}
}

@article{hertel-fernandez2018,
	title = {When Political Mega-Donors Join Forces: How the Koch Network and the Democracy Alliance Influence Organized U.S. Politics on the Right and Left},
	author = {{Hertel-Fernandez}, {Alexander} and {Skocpol}, {Theda} and {Sclar}, {Jason}},
	year = {2018},
	month = {10},
	date = {2018-10},
	journal = {Studies in American Political Development},
	pages = {127--165},
	volume = {32},
	number = {2},
	doi = {10.1017/s0898588x18000081},
	url = {http://dx.doi.org/10.1017/S0898588X18000081},
	langid = {en}
}

@article{skocpol2016,
	title = {The Koch Network and Republican Party Extremism},
	author = {{Skocpol}, {Theda} and {Hertel-Fernandez}, {Alexander}},
	year = {2016},
	month = {08},
	date = {2016-08-31},
	journal = {Perspectives on Politics},
	pages = {681--699},
	volume = {14},
	number = {3},
	doi = {10.1017/s1537592716001122},
	url = {http://dx.doi.org/10.1017/S1537592716001122},
	langid = {en}
}

@article{abramowitz1989,
	title = {Viability, Electability, and Candidate Choice in a Presidential Primary Election: A Test of Competing Models},
	author = {{Abramowitz}, {Alan I.}},
	year = {1989},
	month = {11},
	date = {1989-11},
	journal = {The Journal of Politics},
	pages = {977--992},
	volume = {51},
	number = {4},
	doi = {10.2307/2131544},
	url = {http://dx.doi.org/10.2307/2131544},
	langid = {en}
}

@book{rodden2019,
	title = {Why Cities Lose: The Deep Roots of the Urban-Rural Political Divide},
	author = {{Rodden}, {Jonathan A.}},
	year = {2019},
	publisher = {Basic Books},
	url = {https://politicalscience.stanford.edu/publications/why-cities-lose-deep-roots-urban-rural-political-divide}
}

@article{theriault2011,
	title = {The Gingrich Senators and Party Polarization in the U.S. Senate},
	author = {{Theriault}, {Sean M.} and {Rohde}, {David W.}},
	year = {2011},
	month = {10},
	date = {2011-10},
	journal = {The Journal of Politics},
	pages = {1011--1024},
	volume = {73},
	number = {4},
	doi = {10.1017/s0022381611000752},
	url = {http://dx.doi.org/10.1017/S0022381611000752},
	langid = {en}
}

@inproceedings{baumgartner2014,
  title = {Punctuated equilibrium theory: Explaining stability and change in public policymaking},
  author = {{Baumgartner}, {Frank R} and {Jones}, {Bryan D} and {Mortensen}, {Peter B}},
  booktitle = {Theories of the policy process},
  editor = {{Weible}, {Christopher M.} and {Sabatier}, {Paul A.}},
  edition = {4},
  pages = {59--103},
  year = {2018},
  publisher = {Westview Press},
  doi = {10.4324/9780429494284},
  url = {https://doi.org/10.4324/9780429494284}
}

@article{hacker2004,
	title = {Privatizing Risk without Privatizing the Welfare State: The Hidden Politics of Social Policy Retrenchment in the United States},
	author = {{Hacker}, {Jacob S.}},
	year = {2004},
	month = {05},
	date = {2004-05},
	journal = {American Political Science Review},
	pages = {243--260},
	volume = {98},
	number = {2},
	doi = {10.1017/s0003055404001121},
	url = {http://dx.doi.org/10.1017/S0003055404001121},
	langid = {en}
}
