
@article{duca2015,
	title = {Income Inequality and Political Polarization: Time Series Evidence Over Nine Decades},
	author = {{Duca}, {John V.} and {Saving}, {Jason L.}},
	year = {2015},
	month = {01},
	date = {2015-01-08},
	journal = {Review of Income and Wealth},
	pages = {445--466},
	volume = {62},
	number = {3},
	doi = {10.1111/roiw.12162},
	langid = {en}
}

@book{mpr,
	title = {Polarized America: The Dance of Ideology and Unequal Riches},
	author = {{McCarty}, {Nolan} and {Poole}, {Keith T.} and {Rosenthal}, {Howard}},
	year = {2006},
	publisher = {MIT Press},
	url = {https://mitpress.mit.edu/books/polarized-america}
}

@article{kwon2014,
	title = {Does Radical Partisan Politics Affect National Income Distributions? Congressional Polarization and Income Inequality in the United States, 1913-2008},
	author = {{Kwon}, {Roy}},
	year = {2014},
	month = {04},
	date = {2014-04-21},
	journal = {Social Science Quarterly},
	pages = {49--64},
	volume = {96},
	number = {1},
	doi = {10.1111/ssqu.12090},
	langid = {en}
}

@article{iversen2015,
	title = {Information, Inequality, and Mass Polarization},
	author = {{Iversen}, {Torben} and {Soskice}, {David}},
	year = {2015},
	month = {07},
	date = {2015-07-28},
	journal = {Comparative Political Studies},
	pages = {1781--1813},
	volume = {48},
	number = {13},
	doi = {10.1177/0010414015592643},
	langid = {en}
}

@article{fenzl2018,
	title = {Income inequality and party (de)polarisation},
	author = {{Fenzl}, {Michele}},
	year = {2018},
	month = {03},
	date = {2018-03-09},
	journal = {West European Politics},
	pages = {1262--1281},
	volume = {41},
	number = {6},
	doi = {10.1080/01402382.2018.1436321},
	langid = {en}
}

@article{garand2010,
	title = {Income Inequality, Party Polarization, and Roll-Call Voting in the U.S. Senate},
	author = {{Garand}, {James C.}},
	year = {2010},
	month = {10},
	date = {2010-10},
	journal = {The Journal of Politics},
	pages = {1109--1128},
	volume = {72},
	number = {4},
	doi = {10.1017/s0022381610000563},
	langid = {en}
}

@article{han2015,
	title = {Income inequality, electoral systems and party polarisation},
	author = {{Han}, {Sung Min}},
	year = {2015},
	month = {05},
	date = {2015-05-22},
	journal = {European Journal of Political Research},
	pages = {582--600},
	volume = {54},
	number = {3},
	doi = {10.1111/1475-6765.12098},
	langid = {en}
}

@article{samuels2001,
	title = {The Value of a Vote: Malapportionment in Comparative Perspective},
	author = {{Samuels}, {David} and {Synder}, {Richard}},
	year = {2001},
	month = {09},
	date = {2001-09-05},
	journal = {British Journal of Political Science},
	volume = {31},
	number = {04},
	doi = {10.1017/s0007123401000254},
	langid = {en}
}

@article{levendusky2009,
	title = {Clearer Cues, More Consistent Voters: A Benefit of Elite Polarization},
	author = {{Levendusky}, {Matthew}},
	year = {2009},
	month = {06},
	date = {2009-06-26},
	journal = {Political Behavior},
	pages = {111--131},
	volume = {32},
	number = {1},
	doi = {10.1007/s11109-009-9094-0},
	langid = {en}
}

@book{poole1997,
  title = {Congress: A political-economic history of roll call voting},
  author = {{Poole}, {Keith T} and {Rosenthal}, {Howard}},
  year = {1997},
  publisher = {Oxford University Press on Demand}
}

@book{voteview,
  title = {Voteview: Congressional Roll-Call Votes Database},
  author = {{Lewis}, {Jeffrey B} and {Poole}, {Keith} and {Rosenthal}, {Howard} and {Boche}, {Adam} and {Rudkin}, {Aaron} and {Sonnet}, {Luke}},
  year = {2021},
  url = {https://voteview.com/}
}

@article{frank2014new,
  title = {A new state-level panel of annual inequality measures over the period 1916--2005},
  author = {Frank, Mark W},
  journal = {Journal of Business Strategies},
  volume = {31},
  number = {1},
  pages = {241--263},
  year = {2014},
  publisher = {Gibson D. Lewis Center for Business and Economic Development},
  url = {https://www.shsu.edu/eco_mwf/inequality.html}
}

@article{gunderson2021,
  title = {When Does Income Inequality Cause Polarization?},
  author = {Gunderson, Jacob},
  journal = {British Journal of Political Science},
  pages = {1-18},
  year = {2021},
  doi = {10.1017/S0007123421000053}
}

@book{gerring1998,
  title = {Party ideologies in America, 1828-1996},
  author = {Gerring, John},
  year = {1998},
  publisher = {Cambridge University Press},
  doi = {10.1017/CBO9781139174992}
}

@inbook{pontusson2008,
  title = {Inequality as a source of political polarization: A comparative analysis of twelve OECD countries},
  author = {{Pontusson}, {Jonas} and {Rueda}, {David}},
  booktitle = {Democracy, inequality, and representation},
  editor = {{Beramendi}, {Pablo} and {Anderson}, {Christopher J.}},
  pages = {312--353},
  year = {2008},
  publisher = {Russell Sage Foundation New York},
  url = {https://www.jstor.org/stable/10.7758/9781610440448.14}
}

@article{dettrey2013,
	title = {Has Growing Income Inequality Polarized the American Electorate? Class, Party, and Ideological Polarization*},
	author = {{Dettrey}, {Bryan J.} and {Campbell}, {James E.}},
	year = {2013},
	month = {04},
	date = {2013-04-09},
	journal = {Social Science Quarterly},
	pages = {1062--1083},
	volume = {94},
	number = {4},
	doi = {10.1111/ssqu.12026},
	langid = {en}
}

@inbook{barber,
	title = {Causes and Consequences of Polarization},
	author = {{Barber}, {Michael J.} and {McCarty}, {Nolan}},
	booktitle = {Solutions to Political Polarization in America},
	editor = {{Persily}, {Nathaniel}},
	publisher = {Cambridge University Press},
	pages = {15--58},
	year = {2015},
	doi = {10.1017/cbo9781316091906.002}
}

@article{stepan2011,
	title = {Comparative Perspectives on Inequality and the Quality of Democracy in the United States},
	author = {{Stepan}, {Alfred} and {Linz}, {Juan J.}},
	year = {2011},
	month = {12},
	date = {2011-12},
	journal = {Perspectives on Politics},
	pages = {841--856},
	volume = {9},
	number = {4},
	doi = {10.1017/s1537592711003756},
	langid = {en}
}

@article{ardanaz2013,
	title = {Inequality and Personal Income Taxation},
	author = {{Ardanaz}, {Martin} and {Scartascini}, {Carlos}},
	year = {2013},
	month = {04},
	date = {2013-04-26},
	journal = {Comparative Political Studies},
	pages = {1636--1663},
	volume = {46},
	number = {12},
	doi = {10.1177/0010414013484118},
	langid = {en}
}

@article{horiuchi2004,
	title = {Malapportionment and Income Inequality: A Cross-National Analysis},
	author = {{Horiuchi}, {Yusaku}},
	year = {2004},
	month = {01},
	date = {2004-01},
	journal = {British Journal of Political Science},
	pages = {179--183},
	volume = {34},
	number = {1},
	doi = {10.1017/s0007123403240394},
	langid = {en}
}

@article{enns2014,
	title = {Conditional Status Quo Bias and Top Income Shares: How U.S. Political Institutions Have Benefited the Rich},
	author = {{Enns}, {Peter K.} and {Kelly}, {Nathan J.} and {Morgan}, {Jana} and {Volscho}, {Thomas} and {Witko}, {Christopher}},
	year = {2014},
	month = {04},
	date = {2014-04},
	journal = {The Journal of Politics},
	pages = {289--303},
	volume = {76},
	number = {2},
	doi = {10.1017/s0022381613001321},
	langid = {en}
}

@article{cusack2007,
	title = {Economic Interests and the Origins of Electoral Systems},
	author = {{Cusack}, {Thomas R.} and {Iversen}, {Torben} and {Soskice}, {David}},
	year = {2007},
	month = {07},
	date = {2007-07-26},
	journal = {American Political Science Review},
	pages = {373--391},
	volume = {101},
	number = {3},
	doi = {10.1017/s0003055407070384},
	langid = {en}
}

@article{winkler2019,
	title = {The effect of income inequality on political polarization: Evidence from European regions, 2002-2014},
	author = {{Winkler}, {Hernan}},
	year = {2019},
	month = {02},
	date = {2019-02-17},
	journal = {Economics & Politics},
	pages = {137--162},
	volume = {31},
	number = {2},
	doi = {10.1111/ecpo.12129},
	langid = {en}
}

@article{solt2008,
	title = {Economic Inequality and Democratic Political Engagement},
	author = {{Solt}, {Frederick}},
	year = {2008},
	month = {01},
	date = {2008-01-18},
	journal = {American Journal of Political Science},
	pages = {48--60},
	volume = {52},
	number = {1},
	doi = {10.1111/j.1540-5907.2007.00298.x},
	langid = {en}
}

@book{piketty2014,
	title = {Capital in the Twenty-First Century},
	author = {{Piketty}, {Thomas}},
	year = {2014},
	publisher = {Harvard University Press},
	doi = {10.4159/9780674369542}
}

@inbook{mccarty2007,
	title = {The Policy Effects of Political Polarization},
	booktitle = {The Transformation of American Politics Activist Government and the Rise of Conservatism},
	author = {{McCarty}, {Nolan}},
	year = {2007},
	month = {12},
	date = {2007-12-31},
	publisher = {Princeton University Press},
	pages = {223--255},
	doi = {10.1515/9781400837502-013}
}

@article{gelman2010,
	title = {Income Inequality and Partisan Voting in the United States*},
	author = {{Gelman}, {Andrew} and {Kenworthy}, {Lane} and {Su}, {Yu-Sung}},
	year = {2010},
	month = {10},
	date = {2010-10-26},
	journal = {Social Science Quarterly},
	pages = {1203--1219},
	volume = {91},
	number = {5},
	doi = {10.1111/j.1540-6237.2010.00728.x},
	langid = {en}
}

@book{poole2005,
	title = {Spatial Models of Parliamentary Voting},
	author = {{Poole}, {Keith T.}},
	year = {2005},
	publisher = {Cambridge University Press},
	doi = {10.1017/cbo9780511614644}
}

@book{poole2017,
	title = {Ideology & Congress},
	author = {{Poole}, {Keith T.} and {Rosenthal}, {Howard}},
	year = {2017},
	month = {09},
	date = {2017-09-04},
	publisher = {Routledge},
	doi = {10.4324/9780203789223}
}

@article{hacker2010,
	title = {Winner-Take-All Politics: Public Policy, Political Organization, and the Precipitous Rise of Top Incomes in the United States},
	author = {{Hacker}, {Jacob S.} and {Pierson}, {Paul}},
	year = {2010},
	month = {05},
	date = {2010-05-24},
	journal = {Politics & Society},
	pages = {152--204},
	volume = {38},
	number = {2},
	doi = {10.1177/0032329210365042},
	langid = {en}
}

@book{bartels2008,
  title = {Unequal democracy: The Political Economy of the New Gilded Age},
  author = {Bartels, Larry M},
  year = {2008},
  publisher = {Princeton University Press},
  doi = {10.1515/9781400883363}
}

@article{smeeding2005,
	title = {Public Policy, Economic Inequality, and Poverty: The United States in Comparative Perspective*},
	author = {{Smeeding}, {Timothy M.}},
	year = {2005},
	month = {12},
	date = {2005-12},
	journal = {Social Science Quarterly},
	pages = {955--983},
	volume = {86},
	number = {s1},
	doi = {10.1111/j.0038-4941.2005.00331.x},
	langid = {en}
}

@article{atkinson2011,
	title = {Top Incomes in the Long Run of History},
	author = {{Atkinson}, {Anthony B} and {Piketty}, {Thomas} and {Saez}, {Emmanuel}},
	year = {2011},
	month = {03},
	date = {2011-03-01},
	journal = {Journal of Economic Literature},
	pages = {3--71},
	volume = {49},
	number = {1},
	doi = {10.1257/jel.49.1.3},
	langid = {en}
}

@article{duca2016,
	title = {Income inequality, media fragmentation, and increased political polarization},
	author = {{Duca}, {John V.} and {Saving}, {Jason L.}},
	year = {2016},
	month = {08},
	date = {2016-08-05},
	journal = {Contemporary Economic Policy},
	pages = {392--413},
	volume = {35},
	number = {2},
	doi = {10.1111/coep.12191},
	langid = {en}
}

@techreport{boxell2020,
	title = {Cross-Country Trends in Affective Polarization},
	author = {{Boxell}, {Levi} and {Gentzkow}, {Matthew} and {Shapiro}, {Jesse}},
	year = {2020},
	month = {01},
	date = {2020-01},
	doi = {10.3386/w26669}
}

@article{martin2017,
	title = {Bias in Cable News: Persuasion and Polarization},
	author = {{Martin}, {Gregory J.} and {Yurukoglu}, {Ali}},
	year = {2017},
	month = {09},
	date = {2017-09-01},
	journal = {American Economic Review},
	pages = {2565--2599},
	volume = {107},
	number = {9},
	doi = {10.1257/aer.20160812},
	langid = {en}
}

@article{levendusky2013,
	title = {Partisan Media Exposure and Attitudes Toward the Opposition},
	author = {{Levendusky}, {Matthew}},
	year = {2013},
	month = {10},
	date = {2013-10},
	journal = {Political Communication},
	pages = {565--581},
	volume = {30},
	number = {4},
	doi = {10.1080/10584609.2012.737435},
	langid = {en}
}

@article{iyengar2019,
	title = {The Origins and Consequences of Affective Polarization in the United States},
	author = {{Iyengar}, {Shanto} and {Lelkes}, {Yphtach} and {Levendusky}, {Matthew} and {Malhotra}, {Neil} and {Westwood}, {Sean J.}},
	year = {2019},
	month = {05},
	date = {2019-05-11},
	journal = {Annual Review of Political Science},
	pages = {129--146},
	volume = {22},
	number = {1},
	doi = {10.1146/annurev-polisci-051117-073034},
	langid = {en}
}

@article{hetherington2009,
	title = {Review Article: Putting Polarization in Perspective},
	author = {{Hetherington}, {Marc J.}},
	year = {2009},
	month = {04},
	date = {2009-04},
	journal = {British Journal of Political Science},
	pages = {413--448},
	volume = {39},
	number = {2},
	doi = {10.1017/s0007123408000501},
	langid = {en}
}

@book{lee1999,
  title = {Sizing up the Senate: The unequal consequences of equal representation},
  author = {Lee, Frances E and Oppenheimer, Bruce I},
  year = {1999},
  publisher = {University of Chicago Press},
  url = {https://press.uchicago.edu/ucp/books/book/chicago/S/bo3636044.html}
}

@article{loosemore1971,
	title = {The Theoretical Limits of Maximum Distortion: Some Analytic Expressions for Electoral Systems},
	author = {{Loosemore}, {John} and {Hanby}, {Victor J.}},
	year = {1971},
	month = {10},
	date = {1971-10},
	journal = {British Journal of Political Science},
	pages = {467--477},
	volume = {1},
	number = {4},
	doi = {10.1017/s000712340000925x},
	langid = {en}
}

@article{wawro2004,
	title = {Where's the Pivot? Obstruction and Lawmaking in the Pre-cloture Senate},
	author = {{Wawro}, {Gregory J.} and {Schickler}, {Eric}},
	year = {2004},
	month = {10},
	date = {2004-10},
	journal = {American Journal of Political Science},
	pages = {758--774},
	volume = {48},
	number = {4},
	doi = {10.1111/j.0092-5853.2004.00100.x},
	langid = {en}
}

@data{klarner2013,
	author = {Klarner, Carl},
	publisher = {Harvard Dataverse},
	title = {State Partisan Balance Data, 1937 - 2011},
	year = {2013},
	version = {DRAFT VERSION},
	doi = {10.7910/DVN/LZHMG3}
}

@article{crs2019,
  title = {Party Leaders in the United States Congress, 1789-2019},
  author = {Heitshusen, Valerie},
  year = {2019},
  journal = {Congressional Research Service},
  url = {https://crsreports.congress.gov/product/pdf/RL/RL30567}
}

@article{crs2016,
  title = {The Article V Convention to Propose Constitutional Amendments: Contemporary Issues for Congress},
  author = {Neale, Thomas H.},
  year = {2016},
  journal = {Congressional Research Service},
  url = {https://crsreports.congress.gov/product/pdf/R/R42589/}
}

@article{king1988,
	title = {Statistical Models for Political Science Event Counts: Bias in Conventional Procedures and Evidence for the Exponential Poisson Regression Model},
	author = {{King}, {Gary}},
	year = {1988},
	month = {08},
	date = {1988-08},
	journal = {American Journal of Political Science},
	pages = {838},
	volume = {32},
	number = {3},
	doi = {10.2307/2111248}
}

@article{zorn2001,
	title = {Generalized Estimating Equation Models for Correlated Data: A Review with Applications},
	author = {{Zorn}, {Christopher J.}},
	year = {2001},
	month = {04},
	date = {2001-04},
	journal = {American Journal of Political Science},
	pages = {470},
	volume = {45},
	number = {2},
	doi = {10.2307/2669353}
}

@article{deboef2008,
	title = {Taking Time Seriously},
	author = {{De Boef}, {Suzanna} and {Keele}, {Luke}},
	year = {2008},
	month = {01},
	date = {2008-01-18},
	journal = {American Journal of Political Science},
	pages = {184--200},
	volume = {52},
	number = {1},
	doi = {10.1111/j.1540-5907.2007.00307.x},
	langid = {en}
}

@article{freeman1983,
	title = {Granger Causality and the Times Series Analysis of Political Relationships},
	author = {{Freeman}, {John R.}},
	year = {1983},
	month = {05},
	date = {1983-05},
	journal = {American Journal of Political Science},
	pages = {327},
	volume = {27},
	number = {2},
	doi = {10.2307/2111021}
}

@article{grant2016,
	title = {Error Correction Methods with Political Time Series},
	author = {{Grant}, {Taylor} and {Lebo}, {Matthew J.}},
	year = {2016},
	date = {2016},
	journal = {Political Analysis},
	pages = {3--30},
	volume = {24},
	number = {1},
	doi = {10.1093/pan/mpv027},
	langid = {en}
}

@article{keele2016,
	title = {Treating Time with All Due Seriousness},
	author = {{Keele}, {Luke} and {Linn}, {Suzanna} and {Webb}, {Clayton McLaughlin}},
	year = {2016},
	date = {2016},
	journal = {Political Analysis},
	pages = {31--41},
	volume = {24},
	number = {1},
	doi = {10.1093/pan/mpv031},
	langid = {en}
}

@article{enns2016,
	title = {Don{\textquoteright}t jettison the general error correction model just yet: A practical guide to avoiding spurious regression with the GECM},
	author = {{Enns}, {Peter K.} and {Kelly}, {Nathan J.} and {Masaki}, {Takaaki} and {Wohlfarth}, {Patrick C.}},
	year = {2016},
	month = {04},
	date = {2016-04-01},
	journal = {Research & Politics},
	pages = {205316801664334},
	volume = {3},
	number = {2},
	doi = {10.1177/2053168016643345},
	langid = {en}
}

@article{murray1994,
	title = {A Drunk and Her Dog: An Illustration of Cointegration and Error Correction},
	author = {{Murray}, {Michael P.}},
	year = {1994},
	month = {02},
	date = {1994-02},
	journal = {The American Statistician},
	pages = {37},
	volume = {48},
	number = {1},
	doi = {10.2307/2685084}
}

@article{freeman1989,
	title = {Vector Autoregression and the Study of Politics},
	author = {{Freeman}, {John R.} and {Williams}, {John T.} and {Lin}, {Tse-min}},
	year = {1989},
	month = {11},
	date = {1989-11},
	journal = {American Journal of Political Science},
	pages = {842},
	volume = {33},
	number = {4},
	doi = {10.2307/2111112}
}

@article{ericsson2002,
	title = {Distributions of error correction tests for cointegration},
	author = {{Ericsson}, {Neil R.} and {MacKinnon}, {James G.}},
	year = {2002},
	month = {12},
	date = {2002-12},
	journal = {The Econometrics Journal},
	pages = {285--318},
	volume = {5},
	number = {2},
	doi = {10.1111/1368-423x.00085},
	langid = {en}
}

@article{dauer1955,
	title = {Unrepresentative states},
	author = {{Dauer}, {Manning J.} and {Kelsay}, {Robert G.}},
	year = {1955},
	month = {12},
	date = {1955-12},
	journal = {National Municipal Review},
	pages = {571--575},
	volume = {44},
	number = {11},
	doi = {10.1002/ncr.4110441106},
	langid = {en}
}

@inbook{demouzon2021,
	title = {{\textquotedblleft}One Man, One Vote{\textquotedblright} Part 2: Measurement of Malapportionment and Disproportionality and the Lorenz Curve A: Introduction and Measurement Tools},
	author = {{de Mouzon}, {Olivier} and {Laurent}, {Thibault} and {Le Breton}, {Michel}},
	year = {2021},
	date = {2021},
	publisher = {Springer International Publishing},
	pages = {615--631},
	doi = {10.1007/978-3-030-73249-3_31}
}

@article{cervas2020,
	title = {Legal, Political Science, and Economics Approaches to Measuring Malapportionment: The U.S. House, Senate, and Electoral College 1790{\textendash}2010},
	author = {{Cervas}, {Jonathan} and {Grofman}, {Bernard}},
	year = {2020},
	month = {10},
	date = {2020-10},
	journal = {Social Science Quarterly},
	pages = {2238--2256},
	volume = {101},
	number = {6},
	doi = {10.1111/ssqu.12871},
	langid = {en}
}

@inproceedings{goerg2013,
  title = {Forecastable component analysis},
  author = {Goerg, Georg},
  booktitle = {International conference on machine learning},
  volume = {28},
  number = {2},
  pages = {64--72},
  year = {2013},
  publisher = {Proceedings of Machine Learning Research},
  doi = {10.48550/arXiv.1205.4591}
}

@article{granger1988,
	title = {Some recent development in a concept of causality},
	author = {{Granger}, {C.W.J.}},
	year = {1988},
	month = {09},
	date = {1988-09},
	journal = {Journal of Econometrics},
	pages = {199--211},
	volume = {39},
	number = {1-2},
	doi = {10.1016/0304-4076(88)90045-0},
	langid = {en}
}

@unpublished{linn2021,
	author = {{Linn}, {Suzanna} and {Lebo}, {Matthew} and {Webb}, {Clayton}},
	title = {A Practical Guide to Time Series Analysis},
	year = {2021},
	note  = {unpublished},
	}

@article{engle1983,
	title = {Exogeneity},
	author = {{Engle}, {Robert F.} and {Hendry}, {David F.} and {Richard}, {Jean-Francois}},
	year = {1983},
	month = {03},
	date = {1983-03},
	journal = {Econometrica},
	pages = {277},
	volume = {51},
	number = {2},
	doi = {10.2307/1911990}
}

@article{white2010,
	title = {Granger Causality and Dynamic Structural Systems},
	author = {{White}, {H.} and {Lu}, {X.}},
	year = {2010},
	month = {03},
	date = {2010-03-19},
	journal = {Journal of Financial Econometrics},
	pages = {193--243},
	volume = {8},
	number = {2},
	doi = {10.1093/jjfinec/nbq006},
	langid = {en}
}

@article{urbain1992,
	title = {On weak exogeneity in error correction models},
	author = {{Urbain}, {Jean-Pierre}},
	year = {1992},
	month = {05},
	journal = {Oxford Bulletin of Economics and Statistics},
	pages = {187--207},
	volume = {54},
	number = {2},
	doi = {10.1111/j.1468-0084.1992.mp54002004.x},
	langid = {en}
}

@article{engle1987,
	title = {Co-Integration and Error Correction: Representation, Estimation, and Testing},
	author = {{Engle}, {Robert F.} and {Granger}, {C. W. J.}},
	year = {1987},
	month = {03},
	date = {1987-03},
	journal = {Econometrica},
	pages = {251},
	volume = {55},
	number = {2},
	doi = {10.2307/1913236}
}

@article{kelly2010,
	title = {Inequality and the Dynamics of Public Opinion: The Self-Reinforcing Link Between Economic Inequality and Mass Preferences},
	author = {{Kelly}, {Nathan J.} and {Enns}, {Peter K.}},
	year = {2010},
	month = {07},
	date = {2010-07-21},
	journal = {American Journal of Political Science},
	pages = {855--870},
	volume = {54},
	number = {4},
	doi = {10.1111/j.1540-5907.2010.00472.x},
	langid = {en}
}

@article{johansen1988,
	title = {Statistical analysis of cointegration vectors},
	author = {{Johansen}, {Søren}},
	year = {1988},
	month = {06},
	date = {1988-06},
	journal = {Journal of Economic Dynamics and Control},
	pages = {231--254},
	volume = {12},
	number = {2-3},
	doi = {10.1016/0165-1889(88)90041-3},
	langid = {en}
}

@misc{census2021,
	title = {Historical Apportionment Data (1910-2020)},
	url = {https://www.census.gov/data/tables/time-series/dec/apportionment-data-text.html},
	language = {EN-US},
	year = {2021},
	date = {2021-04-26},
	journal = {Census.gov},
	author = {Census Bureau, United States},
}

@misc{census2021b,
	title = {Historical Population Change Data (1910-2020)},
	url = {https://www.census.gov/data/tables/time-series/dec/popchange-data-text.html},
	language = {EN-US},
	date = {2021-04-26},
	year = {2021},
	journal = {Census.gov},
	author = {Census Bureau, United States},
}

@book{wir2018,
  title = {The World Inequality Report},
  author = {{Alvaredo}, {Facundo} and {Chancel}, {Lucas} and {Piketty}, {Thomas} and {Saez}, {Emmanuel} and {Zucman}, {Gabriel}},
  year = {2018},
  publisher = {Harvard University Press},
  url = {https://wir2018.wid.world/}
}

@incollection{senate,
	title = {The Constitutional Background},
	booktitle = {Organization of the Congress: Final Report of the House Members of the Joint Committee on the Organization of Congress},
	author = {{United States Congress}},
	year = {1993},
	url = {https://archives-democrats-rules.house.gov/Archives/jcoc2br.htm}
}

@incollection{fed62,
	title = {Federalist No. 62: The Senate},
	author = {James Madison},
	booktitle = {The Federalist Papers},
	year = {1788},
	url = {https://avalon.law.yale.edu/18th_century/fed62.asp}
}

@incollection{fed10,
	title = {Federalist No. 10: The Union as a Safeguard Against Domestic Faction and Insurrection},
	author = {James Madison},
	booktitle = {The Federalist Papers},
	year = {1788},
	url = {https://avalon.law.yale.edu/18th_century/fed10.asp}
}

@incollection{fed47,
	title = {Federalist No. 47: The Particular Structure of the New Government and the Distribution of Power Among Its Different Parts},
	author = {James Madison},
	booktitle = {The Federalist Papers},
	year = {1788},
	url = {https://avalon.law.yale.edu/18th_century/fed47.asp}
}

@incollection{antifed3,
	title = {Cato III},
	author = {Cato},
	booktitle = {The Anti-Federalist Papers},
	year = {1787},
	url = {https://teachingamericanhistory.org/document/cato-iii/}
}


@article{cheung1995,
	title = {Lag Order and Critical Values of the Augmented Dickey-Fuller Test},
	author = {{Cheung}, {Yin-Wong} and {Lai}, {Kon S.}},
	year = {1995},
	month = {07},
	date = {1995-07},
	journal = {Journal of Business and Economic Statistics},
	pages = {277},
	volume = {13},
	number = {3},
	doi = {10.2307/1392187}
}

@mastersthesis{morse2021,
  author = {{Morse}, {Nathan}},
  title = {Untangling Ideology and Inequality in the United States: How Polarization Deepens Economic Inequality},
  school = {Pennsylvania State University},
  year = {2021},
  url = {http://nmorse.com/thesis}
}

@article{allison1978,
	title = {Measures of Inequality},
	author = {{Allison}, {Paul D.}},
	year = {1978},
	month = {12},
	date = {1978-12},
	journal = {American Sociological Review},
	pages = {865},
	volume = {43},
	number = {6},
	doi = {10.2307/2094626}
}

@article{johnson1997,
	title = {Changes in Earnings Inequality: The Role of Demand Shifts},
	author = {{Johnson}, {George E}},
	year = {1997},
	month = {05},
	date = {1997-05-01},
	journal = {Journal of Economic Perspectives},
	pages = {41--54},
	volume = {11},
	number = {2},
	doi = {10.1257/jep.11.2.41},
	langid = {en}
}

@article{card2002,
	title = {Skill{-}Biased Technological Change and Rising Wage Inequality: Some Problems and Puzzles},
	author = {{Card}, {David} and {DiNardo}, {John E.}},
	year = {2002},
	month = {10},
	date = {2002-10},
	journal = {Journal of Labor Economics},
	pages = {733--783},
	volume = {20},
	number = {4},
	doi = {10.1086/342055},
	langid = {en}
}

@book{holzer2011,
  title = {Where are all the good jobs going?: what national and local job quality and dynamics mean for US workers},
  author = {Holzer, Harry J and Lane, Julia I and Rosenblum, David B and Andersson, Fredrik},
  year = {2011},
  publisher = {Russell Sage Foundation},
  url = {https://www.russellsage.org/publications/where-are-all-good-jobs-going}
}

@article{western2011,
	title = {Unions, Norms, and the Rise in U.S. Wage Inequality},
	author = {{Western}, {Bruce} and {Rosenfeld}, {Jake}},
	year = {2011},
	month = {08},
	date = {2011-08},
	journal = {American Sociological Review},
	pages = {513--537},
	volume = {76},
	number = {4},
	doi = {10.1177/0003122411414817},
	langid = {en}
}

@article{kochan2016,
	title = {Employment relations and growing income inequality: Causes and potential options for its reversal},
	author = {{Kochan}, {Thomas A} and {Riordan}, {Christine A}},
	year = {2016},
	month = {04},
	date = {2016-04-19},
	journal = {Journal of Industrial Relations},
	pages = {419--440},
	volume = {58},
	number = {3},
	doi = {10.1177/0022185616634337},
	langid = {en}
}

@article{vanarnum2013,
	title = {Financialization and Income Inequality in the United States, 1967-2010},
	author = {{Van Arnum}, {Bradford M.} and {Naples}, {Michele I.}},
	year = {2013},
	month = {10},
	date = {2013-10-18},
	journal = {American Journal of Economics and Sociology},
	pages = {1158--1182},
	volume = {72},
	number = {5},
	doi = {10.1111/ajes.12036},
	langid = {en}
}

@article{piketty2003,
	title = {Income Inequality in the United States, 1913-1998},
	author = {{Piketty}, {Thomas} and {Saez}, {Emmanuel}},
	year = {2003},
	month = {02},
	date = {2003-02-01},
	journal = {The Quarterly Journal of Economics},
	pages = {1--41},
	volume = {118},
	number = {1},
	doi = {10.1162/00335530360535135},
	langid = {en}
}

@book{page2009,
  title = {Class War? What Americans Really Think about Economic Inequality},
  author = {{Page}, {Benjamin I} and {Jacobs}, {Lawrence R}},
  year = {2009},
  publisher = {University of Chicago Press},
  url = {https://press.uchicago.edu/ucp/books/book/chicago/C/bo6683623.html}
}

@article{bonica2013,
	title = {Why Hasn't Democracy Slowed Rising Inequality?},
	author = {{Bonica}, {Adam} and {McCarty}, {Nolan} and {Poole}, {Keith T} and {Rosenthal}, {Howard}},
	year = {2013},
	month = {08},
	date = {2013-08-01},
	journal = {Journal of Economic Perspectives},
	pages = {103--124},
	volume = {27},
	number = {3},
	doi = {10.1257/jep.27.3.103},
	langid = {en}
}

@book{schlozman2012,
	title = {The Unheavenly Chorus},
	author = {{Schlozman}, {Kay Lehman} and {Verba}, {Sidney} and {Brady}, {Henry E.}},
	year = {2012},
	month = {12},
	date = {2012-12-31},
	publisher = {Princeton University Press},
	doi = {10.1515/9781400841912}
}

@book{gilens2012,
	title = {Affluence and Influence},
	author = {{Gilens}, {Martin}},
	year = {2012},
	publisher = {Princeton University Press},
	doi = {10.1515/9781400844821}
}

@article{stimson2012,
	title = {On the Meaning & Measurement of Mood},
	author = {{Stimson}, {James A.}},
	year = {2012},
	month = {10},
	date = {2012-10},
	journal = {Daedalus},
	pages = {23--34},
	volume = {141},
	number = {4},
	doi = {10.1162/daed_a_00171},
	langid = {en}
}

@book{carmines1989,
  title = {Issue Evolution: Race and the Transformation of American Politics},
  author = {{Carmines}, {Edward G.} and {Stimson}, {James A.}},
  doi = {10.2307/j.ctv141636r},
  year = {1989},
  publisher = {Princeton University Press}
}

@article{kuziemko2018,
	title = {Why Did the Democrats Lose the South? Bringing New Data to an Old Debate},
	author = {{Kuziemko}, {Ilyana} and {Washington}, {Ebonya}},
	year = {2018},
	month = {10},
	date = {2018-10-01},
	journal = {American Economic Review},
	pages = {2830--2867},
	volume = {108},
	number = {10},
	doi = {10.1257/aer.20161413},
	langid = {en}
}

@misc{vdemparties,
	title = {V-Party Dataset v1},
	author = {{Lührmann}, {Anna} and {Düpont}, {Nils} and {Higashijima}, {Masaaki} and {Berker Kavasoglu}, {Yaman} and {Marquardt}, {Kyle L.} and {Bernhard}, {Michael} and {Döring}, {Holger} and {Hicken}, {Allen} and {Laebens}, {Melis} and {Lindberg}, {Staffan I.} and {Medzihorsky}, {Juraj} and {Neundorf}, {Anja} and {Reuter}, {John}, {Ora} and {Ruth-Lovell}, {Saskia} and {Weghorst}, {Keith R.} and {Wiesehomeier}, {Nina} and {Wright}, {Joseph} and {Alizada}, {Nazifa} and {Bederke}, {Paul} and {Gastaldi}, {Lisa} and {Grahn}, {Sandra} and {Hindle}, {Garry} and {Ilchenko}, {Nina} and {von Römer}, {Johannes} and {Wilson}, {Steven} and {Pemstein}, {Daniel} and {Seim}, {Brigitte}},
	year = {2020},
	publisher = {V-Dem Institute},
	doi = {10.23696/VPARTYDSV1},
	url = {https://www.v-dem.net/en/data/data/v-party-dataset/},
	langid = {en}
}

@article{grossman2016,
	title = {Asymmetric Politics},
	author = {{Grossman}, {Matt} and {Hopkins}, {David A.}},
	publisher = {Oxford University Press},
	year = {2016},
	month = {10},
	date = {2016-10-27},
	doi = {10.1093/acprof:oso/9780190626594.001.0001}
}

@book{downs1957,
  title = {An Economic Theory of Democracy},
  author = {{Downs}, {Anthony}},
  url = {https://books.google.com/books?id=kLEGAAAAMAAJ},
  year = {1957},
  publisher = {Harper}
}


@misc{mit2017a,
	author = {{MIT Election Data and Science Lab}},
	publisher = {Harvard Dataverse},
	title = {{U.S. House 1976–2020}},
	year = {2017},
	version = {V9},
	doi = {10.7910/DVN/IG0UN2}
}

@misc{mit2017b,
	author = {{MIT Election Data and Science Lab}},
	publisher = {Harvard Dataverse},
	title = {{U.S. President 1976–2020}},
	year = {2017},
	version = {V6},
	doi = {10.7910/DVN/IG0UN2}
}

@misc{mit2017c,
	author = {{MIT Election Data and Science Lab}},
	publisher = {Harvard Dataverse},
	title = {{U.S. Senate 1976–2020}},
	year = {2017},
	version = {V5},
	doi = {10.7910/DVN/PEJ5QU}
}

@article{monroe1994,
	title = {Disproportionality and malapportionment: Measuring electoral inequity},
	author = {{Monroe}, {Burt L.}},
	year = {1994},
	month = {06},
	date = {1994-06},
	journal = {Electoral Studies},
	pages = {132--149},
	volume = {13},
	number = {2},
	doi = {10.1016/0261-3794(94)90031-0},
	langid = {en}
}

@article{mccoy2018,
	title = {Polarization and the Global Crisis of Democracy: Common Patterns, Dynamics, and Pernicious Consequences for Democratic Polities},
	author = {{McCoy}, {Jennifer} and {Rahman}, {Tahmina} and {Somer}, {Murat}},
	year = {2018},
	month = {01},
	date = {2018-01},
	journal = {American Behavioral Scientist},
	pages = {16--42},
	volume = {62},
	number = {1},
	doi = {10.1177/0002764218759576},
	langid = {en}
}

@article{walsh2012,
	title = {Putting Inequality in Its Place: Rural Consciousness and the Power of Perspective},
	author = {{Walsh}, {Katherine Cramer}},
	year = {2012},
	month = {07},
	date = {2012-07-30},
	journal = {American Political Science Review},
	pages = {517--532},
	volume = {106},
	number = {3},
	doi = {10.1017/s0003055412000305},
	langid = {en}
}

@article{schmitt2012,
  title = {The minimum wage is too damn low},
  author = {{Schmitt}, {John}},
  year = {2012},
  publisher = {Center for Economic and Policy Research},
  url = {https://www.cepr.net/documents/publications/min-wage1-2012-03.pdf}
}

@article{baker2020,
  title = {This is What Minimum Wage Would Be If It Kept Pace with Productivity},
  author = {{Baker}, {Dean}},
  date = {2020-01-21},
  year = {2020},
  publisher = {Center for Economic and Policy Research},
  url = {https://cepr.net/this-is-what-minimum-wage-would-be-if-it-kept-pace-with-productivity/}
}

@article{gallagher1991,
	title = {Proportionality, disproportionality and electoral systems},
	author = {{Gallagher}, {Michael}},
	year = {1991},
	month = {03},
	date = {1991-03},
	journal = {Electoral Studies},
	pages = {33--51},
	volume = {10},
	number = {1},
	doi = {10.1016/0261-3794(91)90004-c},
	langid = {en}
}

@data{klarner2018,
	author = {{Klarner}, {Carl}},
	publisher = {Harvard Dataverse},
	title = {{State Legislative Election Returns, 1967-2016}},
	UNF = {UNF:6:pV4h1CP/B8pHthjjQThTTw==},
	year = {2018},
	version = {V3},
	doi = {10.7910/DVN/3WZFK9}
}

@article{kelly2012,
	title = {Federalism and American Inequality},
	author = {{Kelly}, {Nathan J.} and {Witko}, {Christopher}},
	year = {2012},
	month = {04},
	date = {2012-04},
	journal = {The Journal of Politics},
	pages = {414--426},
	volume = {74},
	number = {2},
	doi = {10.1017/s0022381611001678},
	langid = {en}
}

@data{shor2020,
	author = {{Shor}, {Boris}},
	publisher = {Harvard Dataverse},
	title = {{Aggregate State Legislator Shor-McCarty Ideology Data}},
	year = {2020},
	doi = {10.7910/DVN/AP54NE}
}

@article{pedroni2013,
	title = {Structural Panel VARs},
	author = {{Pedroni}, {Peter}},
	year = {2013},
	month = {09},
	date = {2013-09-24},
	journal = {Econometrics},
	pages = {180--206},
	volume = {1},
	number = {2},
	doi = {10.3390/econometrics1020180},
	langid = {en}
}

@article{boix2003,
	title = {Endogenous Democratization},
	author = {{Boix}, {Carles} and {Stokes}, {Susan C.}},
	year = {2003},
	month = {07},
	date = {2003-07},
	journal = {World Politics},
	pages = {517--549},
	volume = {55},
	number = {4},
	doi = {10.1353/wp.2003.0019},
	langid = {en}
}

@article{lipset1959,
	title = {Some Social Requisites of Democracy: Economic Development and Political Legitimacy},
	author = {{Lipset}, {Seymour Martin}},
	year = {1959},
	month = {03},
	date = {1959-03},
	journal = {American Political Science Review},
	pages = {69--105},
	volume = {53},
	number = {1},
	doi = {10.2307/1951731},
	langid = {en}
}

@book{friedman1962,
  title = {Capitalism and freedom},
  author = {Friedman, Milton},
  year = {1962},
  publisher = {University of Chicago press},
  url = {https://press.uchicago.edu/ucp/books/book/chicago/C/bo68666099.html}
}

@article{versteeg2016,
	title = {Constitutions Unentrenched: Toward an Alternative Theory of Constitutional Design},
	author = {{Versteeg}, {Mila} and {Zackin}, {Emily}},
	year = {2016},
	month = {11},
	date = {2016-11},
	journal = {American Political Science Review},
	pages = {657--674},
	volume = {110},
	number = {4},
	doi = {10.1017/s0003055416000447},
	langid = {en}
}

@book{elkins2009,
	title = {The Endurance of National Constitutions},
	author = {{Elkins}, {Zachary} and {Ginsburg}, {Tom} and {Melton}, {James}},
	year = {2009},
	publisher = {Cambridge University Press},
	doi = {10.1017/CBO9780511817595}
}

@article{negretto2012,
	title = {Replacing and Amending Constitutions: The Logic of Constitutional Change in Latin America},
	author = {{Negretto}, {Gabriel L.}},
	year = {2012},
	month = {12},
	date = {2012-12},
	journal = {Law & Society Review},
	pages = {749--779},
	volume = {46},
	number = {4},
	doi = {10.1111/j.1540-5893.2012.00516.x}
}

@article{hammons1999,
	title = {Was James Madison Wrong? Rethinking the American Preference for Short, Framework-Oriented Constitutions},
	author = {{Hammons}, {Christopher W.}},
	year = {1999},
	month = {12},
	date = {1999-12},
	journal = {American Political Science Review},
	pages = {837--849},
	volume = {93},
	number = {4},
	doi = {10.2307/2586116}
}

@article{zucman2019,
	title = {Global Wealth Inequality},
	author = {{Zucman}, {Gabriel}},
	year = {2019},
	month = {08},
	date = {2019-08-02},
	journal = {Annual Review of Economics},
	pages = {109--138},
	volume = {11},
	number = {1},
	doi = {10.1146/annurev-economics-080218-025852},
	langid = {en}
}

@book{wid2021,
  title={Distributional National Accounts guidelines: Methods and concepts used in the World Inequality Database},
  author={ {Blanchet}, {Thomas} and {Chancel}, {Lucas} and {Flores}, {Ignacio} and {Morgan}, {Marc} },
  publisher={World Inequality Lab},
  year={2021},
  url={https://wid.world/}
}

@manual{vdem,
  author = {Coppedge, Michael and Gerring, John and Knutsen, Carl Henrik and
  Lindberg, Staffan I. and Teorell, Jan and Alizada, Nazifa and Altman, David and
  Bernhard, Michael and Cornell, Agnes and Fish, M. Steven and Gastaldi, Lisa and
  Gjerl{\o}w, Haakon and Glynn, Adam and Hicken, Allen and Hindle, Garry and
  Ilchenko, Nina and Krusell, Joshua and L{\"u}hrmann, Anna and Maerz, Seraphine F.
  and Marquardt, Kyle L. and McMann, Kelly and Mechkova, Valeriya and
  Medzihorsky, Juraj and Paxton, Pamela and Pemstein, Daniel and Pernes, Josefine
  and von R{\"o}mer, Johannes and Seim, Brigitte and Sigman, Rachel and
  Skaaning, Svend-Erik and Staton, Jeffrey and Sundstr{\"o}m, Aksel and
  Tzelgov, Eitan and Wang, Yi-ting and Wig, Tore and Wilson, Steven and
  Ziblatt, Daniel},
  title = {V-Dem Country-Year Dataset v11.1},
  doi = {10.23696/vdemds21},
  organization = {Varieties of Democracy (V-Dem) Project},
  year = {2021}
}


@article{caughey2019,
	title = {Policy Ideology in European Mass Publics, 1981-2016},
	author = {{Caughey}, {Devin} and {O{\textquoteright}Grady}, {Tom} and {Warshaw}, {Christopher}},
	year = {2019},
	month = {04},
	date = {2019-04-10},
	journal = {American Political Science Review},
	pages = {674--693},
	volume = {113},
	number = {3},
	doi = {10.1017/s0003055419000157},
	langid = {en}
}

@misc{anes2016,
  title={User’s guide and codebook for the ANES 2016 time series study},
  author={American National Election Studies},
  year={2016},
  publisher={University of Michigan},
  url={https://electionstudies.org/data-center/2016-time-series-study/}
}

@book{poole2017,
  title = {Ideology & Congress},
  author = {{Poole}, {Keith T.} and {Rosenthal}, {Howard}},
  year = {2017},
  month = {09},
  date = {2017-09-04},
  publisher = {Routledge},
  doi = {10.4324/9780203789223}
}

@book{voteview,
  title={Voteview: Congressional Roll-Call Votes Database},
  author={Lewis, Jeffrey B and Poole, Keith and Rosenthal, Howard and Boche, Adam and Rudkin, Aaron and Sonnet, Luke},
  year={2021},
  url={https://voteview.com/}
}

@mastersthesis{morse2021,
  author = {{Morse}, {Nathan}},
  title = {Untangling Ideology and Inequality in the United States: How Polarization Deepens Economic Inequality},
  school = {Pennsylvania State University},
  year = {2021},
  url = {http://nmorse.com/thesis}
}

@article{schmitt2012,
  title={The minimum wage is too damn low},
  author={{Schmitt}, {John}},
  year={2012},
  publisher={Center for Economic and Policy Research},
  url={https://www.cepr.net/documents/publications/min-wage1-2012-03.pdf}
}

@article{baker2020,
  title={This is What Minimum Wage Would Be If It Kept Pace with Productivity},
  author={{Baker}, {Dean}},
  date={2020-01-21},
  publisher={Center for Economic and Policy Research},
  url={https://cepr.net/this-is-what-minimum-wage-would-be-if-it-kept-pace-with-productivity/}
}

@article{frank2014new,
  title={A new state-level panel of annual inequality measures over the period 1916--2005},
  author={Frank, Mark W},
  journal={Journal of Business Strategies},
  volume={31},
  number={1},
  pages={241--263},
  year={2014},
  publisher={Gibson D. Lewis Center for Business and Economic Development},
  url={https://www.shsu.edu/eco_mwf/inequality.html}
}

@book{wickham2017,
  title={R for Data Science},
  author={Wickham, Hadley and Groleman, Garrett},
  year={2017},
  publisher={O'Reilly},
  url={https://r4ds.had.co.nz/}
}

@book{wickham2023,
  title={R for Data Science (2e)},
  author={Wickham, Hadley and Çetinkaya-Rundel, Mine and Groleman, Garrett},
  year={2023},
  publisher={O'Reilly},
  url={https://r4ds.hadley.nz/}
}

@book{cunningham2021,
  title={Causal Inference: The Mixtape},
  author={Cunningham, Scott},
  year={2021},
  publisher={Yale University Press},
  url={https://mixtape.scunning.com/}
}

@article{cawthon2007,
	title = {The Effect of Aesthetic on the Usability of Data Visualization},
	author = {Cawthon, Nick and Moere, Andrew Vande},
	year = {2007},
	month = {07},
	date = {2007-07},
	journal = {2007 11th International Conference Information Visualization (IV '07)},
	doi = {10.1109/iv.2007.147}
}

@article{pandey2014,
	title = {The Persuasive Power of Data Visualization},
	author = {Pandey, Anshul Vikram and Manivannan, Anjali and Nov, Oded and Satterthwaite, Margaret and Bertini, Enrico},
	year = {2014},
	month = {12},
	date = {2014-12-31},
	journal = {IEEE Transactions on Visualization and Computer Graphics},
	pages = {2211--2220},
	volume = {20},
	number = {12},
	doi = {10.1109/tvcg.2014.2346419}
}

@article{rossiter1952,
 ISSN = {00314587, 21698546},
 URL = {http://www.jstor.org/stable/20088376},
 author = {Clinton Rossiter},
 journal = {The Pennsylvania Magazine of History and Biography},
 number = {3},
 pages = {259--293},
 publisher = {Historical Society of Pennsylvania},
 title = {The Political Theory of Benjamin Franklin},
 urldate = {2023-07-04},
 volume = {76},
 year = {1952}
}

@techreport{franklin1787,
  title={Constitutional Convention Speech},
  author={Franklin, Benjamin},
  month={9},
  year={1787},
  institution={National Constitution Center},
  url={https://constitutioncenter.org/the-constitution/historic-document-library/detail/benjamin-franklin-closing-speech-at-the-constitutional-convention}
}

@article{anckar2014,
	title = {Constitutional Referendums in the Countries of the World},
	author = {Anckar, Dag},
	year = {2014},
	month = {02},
	date = {2014-02-28},
	journal = {Journal of Politics and Law},
	volume = {7},
	number = {1},
	doi = {10.5539/jpl.v7n1p12}
}

@inbook{ballotpedia,
	title={States with initiative or referendum},
	booktitle={Encyclopedia of American Politics},
	author={Ballotpedia},
	year={2023},
	url={https://ballotpedia.org/States_with_initiative_or_referendum}
}

@inbook{ballotpedia2,
	title={State constitutional conventions},
	booktitle={Encyclopedia of American Politics},
	author={Ballotpedia},
	year={2023},
	url={https://ballotpedia.org/State_constitutional_conventions}
}


@article{fiadotau2020,
	title = {Growing old on Newgrounds: The hopes and quandaries of Flash game preservation},
	author = {Fiadotau, Mikhail},
	year = {2020},
	month = {07},
	date = {2020-07-22},
	journal = {First Monday},
	doi = {10.5210/fm.v25i8.10306}
}

@article{evangelou2005,
	title = {Unavailability of online supplementary scientific information from articles published in major journals},
	author = {Evangelou, Evangelos and Trikalinos, Thomas A. and Ioannidis, John P.A.},
	year = {2005},
	month = {12},
	date = {2005-12},
	journal = {The FASEB Journal},
	pages = {1943--1944},
	volume = {19},
	number = {14},
	doi = {10.1096/fj.05-4784lsf},
	langid = {en}
}

@article{schaffer2004,
	title = {The Use of Online Supplementary Material in High-Impact Scientific Journals},
	author = {Schaffer, Thomas and Jackson, Kathy M.},
	year = {2004},
	month = {11},
	date = {2004-11-29},
	journal = {Science & Technology Libraries},
	pages = {73--85},
	volume = {25},
	number = {1-2},
	doi = {10.1300/j122v25n01_06},
	langid = {en}
}

@article{williams2016,
	title = {Practices, Policies, and Persistence: A Study of Supplementary Materials in Crop Science Journals},
	author = {Williams, Sarah C.},
	year = {2016},
	month = {01},
	date = {2016-01-02},
	journal = {Journal of Agricultural & Food Information},
	pages = {11--22},
	volume = {17},
	number = {1},
	doi = {10.1080/10496505.2015.1120213},
	langid = {en}
}

@article{gertler2017,
	title = {Reference Rot: An Emerging Threat to Transparency in Political Science},
	author = {Gertler, Aaron L. and Bullock, John G.},
	year = {2017},
	month = {01},
	date = {2017-01},
	journal = {PS: Political Science & Politics},
	pages = {166--171},
	volume = {50},
	number = {01},
	doi = {10.1017/s1049096516002353},
	langid = {en}
}

@article{pierson2020,
	title = {Madison's Constitution Under Stress: A Developmental Analysis of Political Polarization},
	author = {{Pierson}, {Paul} and {Schickler}, {Eric}},
	year = {2020},
	month = {05},
	date = {2020-05-11},
	journal = {Annual Review of Political Science},
	pages = {37--58},
	volume = {23},
	number = {1},
	doi = {10.1146/annurev-polisci-050718-033629},
	langid = {en}
}

@article{leonard2021,
	title = {The nonlinear feedback dynamics of asymmetric political polarization},
	author = {{Leonard}, {Naomi Ehrich} and {Lipsitz}, {Keena} and {Bizyaeva}, {Anastasia} and {Franci}, {Alessio} and {Lelkes}, {Yphtach}},
	year = {2021},
	month = {12},
	date = {2021-12-07},
	journal = {Proceedings of the National Academy of Sciences},
	pages = {e2102149118},
	volume = {118},
	number = {50},
	doi = {10.1073/pnas.2102149118},
	langid = {en}
}

@article{hertel-fernandez2018,
	title = {When Political Mega-Donors Join Forces: How the Koch Network and the Democracy Alliance Influence Organized U.S. Politics on the Right and Left},
	author = {{Hertel-Fernandez}, {Alexander} and {Skocpol}, {Theda} and {Sclar}, {Jason}},
	year = {2018},
	month = {10},
	date = {2018-10},
	journal = {Studies in American Political Development},
	pages = {127--165},
	volume = {32},
	number = {2},
	doi = {10.1017/s0898588x18000081},
	langid = {en}
}

@article{skocpol2016,
	title = {The Koch Network and Republican Party Extremism},
	author = {{Skocpol}, {Theda} and {Hertel-Fernandez}, {Alexander}},
	year = {2016},
	month = {08},
	date = {2016-08-31},
	journal = {Perspectives on Politics},
	pages = {681--699},
	volume = {14},
	number = {3},
	doi = {10.1017/s1537592716001122},
	langid = {en}
}

@article{abramowitz1989,
	title = {Viability, Electability, and Candidate Choice in a Presidential Primary Election: A Test of Competing Models},
	author = {{Abramowitz}, {Alan I.}},
	year = {1989},
	month = {11},
	date = {1989-11},
	journal = {The Journal of Politics},
	pages = {977--992},
	volume = {51},
	number = {4},
	doi = {10.2307/2131544},
	langid = {en}
}

@book{rodden2019,
	title = {Why Cities Lose: The Deep Roots of the Urban-Rural Political Divide},
	author = {{Rodden}, {Jonathan A.}},
	year = {2019},
	publisher = {Basic Books},
	url = {https://politicalscience.stanford.edu/publications/why-cities-lose-deep-roots-urban-rural-political-divide}
}

@article{theriault2011,
	title = {The Gingrich Senators and Party Polarization in the U.S. Senate},
	author = {{Theriault}, {Sean M.} and {Rohde}, {David W.}},
	year = {2011},
	month = {10},
	date = {2011-10},
	journal = {The Journal of Politics},
	pages = {1011--1024},
	volume = {73},
	number = {4},
	doi = {10.1017/s0022381611000752},
	langid = {en}
}

@inproceedings{baumgartner2014,
  title = {Punctuated equilibrium theory: Explaining stability and change in public policymaking},
  author = {{Baumgartner}, {Frank R} and {Jones}, {Bryan D} and {Mortensen}, {Peter B}},
  booktitle = {Theories of the policy process},
  editor = {{Weible}, {Christopher M.} and {Sabatier}, {Paul A.}},
  edition = {4},
  pages = {59--103},
  year = {2018},
  publisher = {Westview Press},
  doi = {10.4324/9780429494284}
}

@article{hacker2004,
	title = {Privatizing Risk without Privatizing the Welfare State: The Hidden Politics of Social Policy Retrenchment in the United States},
	author = {{Hacker}, {Jacob S.}},
	year = {2004},
	month = {05},
	date = {2004-05},
	journal = {American Political Science Review},
	pages = {243--260},
	volume = {98},
	number = {2},
	doi = {10.1017/s0003055404001121},
	langid = {en}
}

@article{tansey2016,
	title = {Ties to the Rest: Autocratic Linkages and Regime Survival},
	author = {{Tansey}, {Oisín} and {Koehler}, {Kevin} and {Schmotz}, {Alexander}},
	year = {2016},
	month = {09},
	date = {2016-09-08},
	journal = {Comparative Political Studies},
	pages = {1221--1254},
	volume = {50},
	number = {9},
	doi = {10.1177/0010414016666859},
	langid = {en}
}

@article{wright2013,
	title = {Oil and Autocratic Regime Survival},
	author = {{Wright}, {Joseph} and {Frantz}, {Erica} and {Geddes}, {Barbara}},
	year = {2013},
	month = {09},
	date = {2013-09-26},
	journal = {British Journal of Political Science},
	pages = {287--306},
	volume = {45},
	number = {2},
	doi = {10.1017/S0007123413000252},
	langid = {en}
}

@article{knutsen2015,
	title = {Institutional Characteristics and Regime Survival: Why Are Semi-Democracies Less Durable Than Autocracies and Democracies?},
	author = {{Knutsen}, {Carl Henrik} and {Nygård}, {Håvard Mokleiv}},
	year = {2015},
	month = {01},
	date = {2015-01-29},
	journal = {American Journal of Political Science},
	pages = {656--670},
	volume = {59},
	number = {3},
	doi = {10.1111/ajps.12168},
	langid = {en}
}

@article{andersen2014,
	title = {State capacity and political regime stability},
	author = {{Andersen}, {David} and {Møller}, {Jørgen} and {Rørbæk}, {Lasse Lykke} and {Skaaning}, {Svend-Erik}},
	year = {2014},
	month = {11},
	date = {2014-11-10},
	journal = {Democratization},
	pages = {1305--1325},
	volume = {21},
	number = {7},
	langid = {en},
	doi = {10.1080/13510347.2014.960204}
}

@article{geddes2014,
	title = {Autocratic Breakdown and Regime Transitions: A New Data Set},
	author = {{Geddes}, {Barbara} and {Wright}, {Joseph} and {Frantz}, {Erica}},
	year = {2014},
	month = {06},
	date = {2014-06},
	journal = {Perspectives on Politics},
	pages = {313--331},
	volume = {12},
	number = {2},
	doi = {10.1017/S1537592714000851},
	langid = {en}
}

@article{stein1982,
	title = {Coordination and collaboration: regimes in an anarchic world},
	author = {{Stein}, {Arthur A.}},
	year = {1982},
	date = {1982},
	journal = {International Organization},
	pages = {299--324},
	volume = {36},
	number = {2},
	doi = {10.1017/S0020818300018968},
	langid = {en}
}

@article{hayo2010,
	title = {Determinants of constitutional change: Why do countries change their form of government?},
	author = {{Hayo}, {Bernd} and {Voigt}, {Stefan}},
	year = {2010},
	month = {09},
	date = {2010-09},
	journal = {Journal of Comparative Economics},
	pages = {283--305},
	volume = {38},
	number = {3},
	doi = {10.1016/j.jce.2010.07.007},
	langid = {en}
}

@misc{jefferson1789, 
	title={To James Madison from Thomas Jefferson}, 
	url={https://founders.archives.gov/documents/Madison/01-12-02-0248}, 
	journal={Founders Online}, 
	publisher={National Archives}, 
	author={Jefferson, Thomas}, 
	year={1789},
	date={1789-09-06}
} 

@misc{jefferson1790, 
	title={To Thomas Jefferson from James Madison}, 
	url={https://founders.archives.gov/documents/Jefferson/01-16-02-0053}, 
	journal={Founders Online}, 
	publisher={National Archives}, 
	author={Jefferson, Thomas}, 
	year={1790},
	date={1789-01-09}
} 

@misc{madison1790, 
	title={To Thomas Jefferson from James Madison}, 
	url={https://founders.archives.gov/documents/Madison/01-13-02-0020}, 
	journal={Founders Online}, 
	publisher={National Archives}, 
	author={Madison, James}, 
	year={1790},
	date={1790-02-04}
} 

@misc{adams1813, 
	title={From John Adams to Thomas Jefferson}, 
	url={https://founders.archives.gov/documents/Adams/99-02-02-6198}, 
	journal={Founders Online}, 
	publisher={National Archives}, 
	author={Jefferson, Thomas}, 
	year={1813},
	date={1813-11-05}
} 

@article{elgie2011,
	title = {Exogenous Political Institutions? Constitutional Choice in Postindependence Francophone Sub-Saharan Africa},
	author = {{Elgie}, {Robert}},
	year = {2011},
	month = {10},
	date = {2011-10-27},
	journal = {Political Research Quarterly},
	pages = {771--783},
	volume = {65},
	number = {4},
	doi = {10.1177/1065912911424288},
	langid = {en}
}

@article{cusack2007,
	title = {Economic Interests and the Origins of Electoral Systems},
	author = {{Cusack}, {Thomas R.} and {Iversen}, {Torben} and {Soskice}, {David}},
	year = {2007},
	month = {07},
	date = {2007-07-26},
	journal = {American Political Science Review},
	pages = {373--391},
	volume = {101},
	number = {3},
	doi = {10.1017/S0003055407070384},
	langid = {en}
}

@article{engerman2008,
	title = {Debating the Role of Institutions in Political and Economic Development: Theory, History, and Findings},
	author = {{Engerman}, {Stanley L.} and {Sokoloff}, {Kenneth L.}},
	year = {2008},
	month = {06},
	date = {2008-06},
	journal = {Annual Review of Political Science},
	pages = {119--135},
	volume = {11},
	number = {1},
	doi = {10.1146/annurev.polisci.11.120406.135217},
	langid = {en}
}

@article{lijphart1984,
	title = {Democracies: Patterns of Majoritarian and Consensus Government in Twenty-One Countries},
	author = {{Lijphart}, {Arend}},
	year = {1984},
	publisher = {Yale University Press},
	doi = {10.2307/j.ctt1ww3w2t}
}

@article{hayo2013,
	title = {Endogenous constitutions: Politics and politicians matter, economic outcomes don{\textquoteright}t},
	author = {{Hayo}, {Bernd} and {Voigt}, {Stefan}},
	year = {2013},
	month = {04},
	date = {2013-04},
	journal = {Journal of Economic Behavior & Organization},
	pages = {47--61},
	volume = {88},
	url = {10.1016/j.jebo.2011.09.013},
	langid = {en}
}

@article{boix1999,
	title = {Setting the Rules of the Game: The Choice of Electoral Systems in Advanced Democracies},
	author = {{Boix}, {Carles}},
	year = {1999},
	month = {09},
	date = {1999-09},
	journal = {American Political Science Review},
	pages = {609--624},
	volume = {93},
	number = {3},
	doi = {10.2307/2585577},
	langid = {en}
}

@misc{constitute,
	title = {Constitute: The World’s Constitutions to Read, Search, and Compare},
	author = {{Elkins}, {Zachary} and {Ginsburg}, {Tom} and {Melton}, {James}},
	year = {2021},
	url = {https://www.constituteproject.org}
}

@article{huntington1991,
	title = {How Countries Democratize},
	author = {{Huntington}, {Samuel}},
	year = {1991},
	date = {1991},
	journal = {Political Science Quarterly},
	pages = {579},
	volume = {106},
	number = {4},
	doi = {10.2307/2151795}
}

@book{lederman2001,
	title = {Accountability and Corruption: Political Institutions Matter},
	author = {{Lederman}, {Daniel} and {Loayza}, {Norman} and {Soares}, {Reis Rodrigo}},
	year = {2005},
	journal = {Economics & Politics},
	pages = {1--35},
	volume = {17},
	doi = {10.1111/j.1468-0343.2005.00145.x}
}

@article{golder2010,
	title = {Ideological Congruence and Electoral Institutions},
	author = {{Golder}, {Matt} and {Stramski}, {Jacek}},
	year = {2010},
	month = {01},
	date = {2010-01},
	journal = {American Journal of Political Science},
	pages = {90--106},
	volume = {54},
	number = {1},
	doi = {10.1111/j.1540-5907.2009.00420.x},
	langid = {en}
}

@article{lijphart1997,
	title = {Unequal Participation: Democracy's Unresolved Dilemma Presidential Address, APSA},
	author = {{Lijphart}, {Arend}},
	year = {1997},
	month = {03},
	date = {1997-03},
	journal = {American Political Science Review},
	pages = {1--14},
	volume = {91},
	number = {1},
	doi = {10.2307/2952255},
	langid = {en}
}

@article{anderson1997,
	title = {Political Institutions and Satisfaction with Democracy: A Cross-National Analysis of Consensus and Majoritarian Systems},
	author = {{Anderson}, {Christopher J.} and {Guillory}, {Christine A.}},
	year = {1997},
	month = {03},
	date = {1997-03},
	journal = {American Political Science Review},
	pages = {66--81},
	volume = {91},
	number = {1},
	langid = {en},
	doi = {10.2307/2952259}
}

@article{birchfield1998,
	title = {The impact of constitutional structures and collective and competitive veto points on income inequality in industrialized democracies},
	author = {{Birchfield}, {Vicki} and {Crepaz}, {Markus M.L.}},
	year = {1998},
	journal = {European Journal of Political Research},
	pages = {175--200},
	volume = {34},
	number = {2},
	doi = {10.1111/1475-6765.00404}
}

@book{dahl1971,
	title = {Polyarchy: Participation and Opposition.},
	author = {{Dahl}, {Robert A.}},
	year = {1971},
	publisher = {Yale University Press},
	url = {https://yalebooks.yale.edu/book/9780300015652/polyarchy/}
}

@article{gandhi2007,
	title = {Authoritarian Institutions and the Survival of Autocrats},
	author = {{Gandhi}, {Jennifer} and {Przeworski}, {Adam}},
	year = {2007},
	month = {09},
	date = {2007-09-17},
	journal = {Comparative Political Studies},
	pages = {1279--1301},
	volume = {40},
	number = {11},
	doi = {10.1177/0010414007305817},
	langid = {en}
}

@article{lieberman2005,
	title = {Nested Analysis as a Mixed-Method Strategy for Comparative Research},
	author = {{Lieberman}, {Evan S.}},
	year = {2005},
	month = {08},
	date = {2005-08},
	journal = {American Political Science Review},
	pages = {435--452},
	volume = {99},
	number = {3},
	doi = {10.1017/S0003055405051762},
	langid = {en}
}

@article{geddes1990,
	title = {How the Cases You Choose Affect the Answers You Get: Selection Bias in Comparative Politics},
	author = {{Geddes}, {Barbara}},
	year = {1990},
	date = {1990},
	journal = {Political Analysis},
	pages = {131--150},
	volume = {2},
	doi = {10.1093/pan/2.1.131},
	langid = {en}
}

@inbook{geddes2003,
	title = {How the Cases You Choose Affect the Answers You Get: Selection Bias and Related Issues},
	booktitle = {Paradigms and Sand Castles},
	author = {{Geddes}, {Barbara}},
	year = {2003},
	publisher = {University of Michigan Press},
	doi = {10.3998/mpub.11910}
}

@article{elkins2014,
	title = {Constitute: The world{\textquoteright}s constitutions to read, search, and compare},
	author = {{Elkins}, {Zachary} and {Ginsburg}, {Tom} and {Melton}, {James} and {Shaffer}, {Robert} and {Sequeda}, {Juan F.} and {Miranker}, {Daniel P.}},
	year = {2014},
	month = {08},
	date = {2014-08},
	journal = {Journal of Web Semantics},
	pages = {10--18},
	volume = {27-28},
	langid = {en},
	doi = {10.1016/j.websem.2014.07.006}
}

@article{ccp,
	author = {Elkins, Zachary and Ginsburg, Tom and Melton, James},
	year = {2005},
	title = {Characteristics of National Constitutions [v.2.0]},
	journal = {Comparative Constitutions Project},
	url = {http://www.comparativeconstitutionsproject.org}
}

@article{cranmer2017,
	title = {What Can We Learn from Predictive Modeling?},
	author = {{Cranmer}, {Skyler J.} and {Desmarais}, {Bruce A.}},
	year = {2017},
	month = {04},
	date = {2017-04},
	journal = {Political Analysis},
	pages = {145--166},
	volume = {25},
	number = {2},
	doi = {10.1017/pan.2017.3}
}

@book{assessin2016,
	title = {Assessing Constitutional Performance},
	editor = {{Ginsburg}, {Tom} and {Huq}, {Aziz}},
	year = {2016},
	publisher = {Cambridge University Press},
	doi = {10.1017/CBO9781316651018}
}

@book{box-steffensmeier2004,
	title = {Event History Modeling},
	author = {{Box-Steffensmeier}, {Janet M.} and {Jones}, {Bradford S.}},
	year = {2004},
	month = {03},
	date = {2004-03-29},
	publisher = {Cambridge University Press},
	doi = {10.1017/CBO9780511790874}
}

@article{shmueli2010,
	title = {To Explain or to Predict?},
	author = {{Shmueli}, {Galit}},
	year = {2010},
	month = {08},
	date = {2010-08-01},
	journal = {Statistical Science},
	volume = {25},
	number = {3},
	doi = {10.1214/10-STS330}
}

@article{breiman2001,
	title = {Random Forests},
	author = {{Breiman}, {Leo}},
	year = {2001},
	date = {2001},
	journal = {Machine Learning},
	pages = {5--32},
	volume = {45},
	number = {1},
	doi = {10.1023/a:1010933404324}
}

@article{ishwaran2008,
	title = {Random survival forests},
	author = {{Ishwaran}, {Hemant} and {Kogalur}, {Udaya B.} and {Blackstone}, {Eugene H.} and {Lauer}, {Michael S.}},
	year = {2008},
	month = {09},
	date = {2008-09-01},
	journal = {The Annals of Applied Statistics},
	volume = {2},
	number = {3},
	doi = {10.1214/08-AOAS169}
}

@article{heagerty2005,
	title = {Survival Model Predictive Accuracy and ROC Curves},
	author = {{Heagerty}, {Patrick J.} and {Zheng}, {Yingye}},
	year = {2005},
	month = {03},
	date = {2005-03},
	journal = {Biometrics},
	pages = {92--105},
	volume = {61},
	number = {1},
	doi = {10.1111/j.0006-341X.2005.030814.x}
}

@article{tir1998,
	title = {Territorial Changes, 1816{\textendash}1996: Procedures and Data},
	author = {{Tir}, {Jaroslav} and {Schafer}, {Philip} and {Diehl}, {Paul F.} and {Goertz}, {Gary}},
	year = {1998},
	month = {02},
	date = {1998-02},
	journal = {Conflict Management and Peace Science},
	pages = {89--97},
	volume = {16},
	number = {1},
	doi = {10.1177/073889429801600105}
}

@article{mids,
	title = {The MID5 Dataset, 2011-2014: Procedures, Coding Rules, and Descriptions},
	author = {{Palmer}, {Glenn} and {McManus}, {Roseanne W.} and {D'Orazio}, {Vito} and {Kenwick}, {Michael R.} and {Karstens}, {Mikaela} and {Bloch}, {Chase} and {Dietrich}, {Nick} and {Kahn}, {Kayla} and {Ritter}, {Kellan} and {Soules}, {Michael J.}},
	year = {2022},
	journal = {Conflict Management and Peace Science},
	volume = {39},
	number = {4},
	pages = {470--482},
	doi = {10.1177/0738894221995743}
}

@inbook{capabili2012,
	title = {Capability Distribution, Uncertainty, and Major Power War, 1820{\textendash}1965},
	author = {{Singer}, {David J.} and {Bremer}, {Stuart} and {Stuckey}, {John}},
	booktitle = {Peace, War, and Numbers},
	editor = {{Russet}, {Bruce}},
	year = {1972},
	publisher = {Sage Publications},
	pages = {19-48}
}

@book{dixon,
	title = {A Guide to Intra-state Wars: An Examination of Civil, Regional, and Intercommunal Wars, 1816-2014},
	author = {{Dixon}, {Jeffrey S.} and {Sarkees}, {Meredith Reid}}, 
	year = {2016},
	publisher = {CQ Press},
	doi = {10.4135/9781452234205}
}

@article{polity,
	title = {Polity 5: Political Regime Characteristics and Transitions, 1800-2018},
	author = {{Marshall}, {Monty G.}},
	year = {2020},
	publisher = {Center for Systemic Peace},
	url = {https://www.systemicpeace.org/inscrdata.html}
}

@article{drazanova2020,
	title = {Introducing the Historical Index of Ethnic Fractionalization (HIEF) Dataset: Accounting for Longitudinal Changes in Ethnic Diversity},
	author = {{Drazanova}, {Lenka}},
	year = {2020},
	date = {2020},
	journal = {Journal of Open Humanities Data},
	volume = {6},
	doi = {10.5334/johd.16}
}

@article{goemans2009,
	title = {Introducing Archigos: A Dataset of Political Leaders},
	author = {{Goemans}, {Henk E.} and {Gleditsch}, {Kristian Skrede} and {Chiozza}, {Giacomo}},
	year = {2009},
	month = {03},
	date = {2009-03},
	journal = {Journal of Peace Research},
	pages = {269--283},
	volume = {46},
	number = {2},
	doi = {10.1177/0022343308100719}
}

@article{fearon2003,
	title = {Ethnic and Cultural Diversity by Country},
	author = {{Fearon}, {James D.}},
	year = {2003},
	journal = {Journal of Economic Growth},
	volume = {8},
	number = {2},
	pages = {195--222},
	doi = {10.1023/a:1024419522867}
}

@Manual{rfsrc,
    title = {Fast Unified Random Forests for Survival, Regression, and Classification (RF-SRC)},
    author = {{Ishwaran}, {Hemant} and {Kogalur}, {Udaya B.}},
    publisher = {manual},
    year = {2021},
    note = {R package version 2.11.0},
    url = {https://cran.r-project.org/package=randomForestSRC},
    pdf = {https://cran.r-project.org/web/packages/randomForestSRC/randomForestSRC.pdf},
}
  
@Article{rfsrcnews,
    title = {Random survival forests for R},
    author = {{Ishwaran}, {Hemant} and {Kogalur}, {Udaya B.}},
    journal = {R News},
    year = {2007},
    volume = {7},
    number = {2},
    pages = {25--31},
    month = {October},
    url = {https://CRAN.R-project.org/doc/Rnews/},
    pdf = {https://CRAN.R-project.org/doc/Rnews/Rnews_2007-2.pdf},
}

@article{hammons1999,
	title = {Was James Madison Wrong? Rethinking the American Preference for Short, Framework-Oriented Constitutions},
	author = {{Hammons}, {Christopher W.}},
	year = {1999},
	month = {12},
	date = {1999-12},
	journal = {American Political Science Review},
	pages = {837--849},
	volume = {93},
	number = {4},
	doi = {10.2307/2586116}
}

@incollection{elazar1985constitution,
  title={Constitution-making: The pre-eminently political act},
  author={Elazar, Daniel J},
  booktitle={The Politics of Constitutional Change in Industrial Nations},
  pages={232--248},
  year={1985},
  publisher={Springer},
  doi={10.1007/978-1-349-06991-0_9}
}

@book{przeworski1991democracy,
  title={Democracy and the market: Political and economic reforms in Eastern Europe and Latin America},
  author={Przeworski, Adam},
  year={1991},
  publisher={Cambridge University Press},
  doi={10.1017/CBO9781139172493}
}

@article{friedman1988,
	title = {State Constitutions in Historical Perspective},
	author = {{Friedman}, {Lawrence M.}},
	year = {1988},
	month = {03},
	date = {1988-03},
	journal = {The ANNALS of the American Academy of Political and Social Science},
	pages = {33--42},
	volume = {496},
	number = {1},
	doi = {10.1177/0002716288496001004}
}

@article{negretto2012,
	title = {Replacing and Amending Constitutions: The Logic of Constitutional Change in Latin America},
	author = {{Negretto}, {Gabriel L.}},
	year = {2012},
	month = {12},
	date = {2012-12},
	journal = {Law & Society Review},
	pages = {749--779},
	volume = {46},
	number = {4},
	doi = {10.1111/j.1540-5893.2012.00516.x}
}

@article{valentino2004,
	title = {{\textquotedblleft}Draining the Sea{\textquotedblright}: Mass Killing and Guerrilla Warfare},
	author = {{Valentino}, {Benjamin} and {Huth}, {Paul} and {Balch-Lindsay}, {Dylan}},
	year = {2004},
	month = {04},
	date = {2004-04},
	journal = {International Organization},
	volume = {58},
	number = {02},
	doi = {10.1017/S0020818304582061}
}

@article{north1989,
	title = {Constitutions and Commitment: The Evolution of Institutions Governing Public Choice in Seventeenth-Century England},
	author = {{North}, {Douglass C.} and {Weingast}, {Barry R.}},
	year = {1989},
	month = {12},
	date = {1989-12},
	journal = {The Journal of Economic History},
	pages = {803--832},
	volume = {49},
	number = {4},
	doi = {10.1017/s0022050700009451},
	langid = {en}
}

@book{acemoglu2012nations,
  title={Why nations fail: The origins of power, prosperity, and poverty},
  author={Acemoglu, Daron and Robinson, James A},
  year={2012},
  publisher={Crown},
  url={https://scholar.harvard.edu/jrobinson/publications/why-nations-fail-origins-power-prosperity-and-poverty}
}

@incollection{ginsburg2008,
	title = {The Global Spread of Constitutional Review},
	author = {{Ginsburg}, {Tom}},
	booktitle = {The Oxford Handbook of Law and Politics},
	editor = {{Whittington}, {Keith E.} and {Kelemen}, {R. Daniel} and {Caldeira}, {Gregory}},
	year = {2008},
	publisher = {Oxford University Press},
	doi = {10.1093/oxfordhb/9780199208425.003.0006}
}

@article{box-steffensmeier2007,
	title = {Event Dependence and Heterogeneity in Duration Models: The Conditional Frailty Model},
	author = {{Box-Steffensmeier}, {Janet M.} and {De Boef}, {Suzanna} and {Joyce}, {Kyle A.}},
	year = {2007},
	date = {2007},
	journal = {Political Analysis},
	pages = {237--256},
	volume = {15},
	number = {3},
	doi = {10.1093/pan/mpm013},
	langid = {en}
}

@article{desmarais2012,
	title = {Comparing Partial Likelihood and Robust Estimation Methods for the Cox Regression Model},
	author = {{Desmarais}, {Bruce A.} and {Harden}, {Jeffrey J.}},
	year = {2012},
	date = {2012},
	journal = {Political Analysis},
	pages = {113--135},
	volume = {20},
	number = {1},
	doi = {10.1093/pan/mpr042},
	langid = {en}
}

@article{metzger2016,
	title = {Surviving Phases: Introducing Multistate Survival Models},
	author = {{Metzger}, {Shawna K.} and {Jones}, {Benjamin T.}},
	year = {2016},
	date = {2016},
	journal = {Political Analysis},
	pages = {457--477},
	volume = {24},
	number = {4},
	doi = {10.1093/pan/mpw025},
	langid = {en}
}

@article{box2002duration,
  title={Duration models for repeated events},
  author={Box--Steffensmeier, Janet M and Zorn, Christopher},
  journal={Journal of Politics},
  volume={64},
  number={4},
  pages={1069--1094},
  year={2002},
  publisher={Wiley Online Library},
  doi={10.1111/1468-2508.00163}
}

@article{licht2011,
	title = {Change Comes with Time: Substantive Interpretation of Nonproportional Hazards in Event History Analysis},
	author = {{Licht}, {Amanda A.}},
	year = {2011},
	date = {2011},
	journal = {Political Analysis},
	pages = {227--243},
	volume = {19},
	number = {2},
	doi = {10.1093/pan/mpq039},
	langid = {en}
}

@article{box-steffensmeier2001,
	title = {Duration Models and Proportional Hazards in Political Science},
	author = {{Box-Steffensmeier}, {Janet M.} and {Zorn}, {Christopher J. W.}},
	year = {2001},
	month = {10},
	date = {2001-10},
	journal = {American Journal of Political Science},
	pages = {972},
	volume = {45},
	number = {4},
	doi = {10.2307/2669335}
}

@article{xue2017,
	title = {Diagnostics for the Cox model},
	author = {{Xue}, {Yishu} and {Schifano}, {Elizabeth D.}},
	year = {2017},
	month = {11},
	date = {2017-11-30},
	journal = {Communications for Statistical Applications and Methods},
	pages = {583--604},
	volume = {24},
	number = {6},
	doi = {10.29220/csam.2017.24.6.583},
	langid = {en}
}

@article{xue2017a,
	title = {Diagnostics for the Cox model},
	author = {{Xue}, {Yishu} and {Schifano}, {Elizabeth D.}},
	year = {2017},
	month = {11},
	date = {2017-11-30},
	journal = {Communications for Statistical Applications and Methods},
	pages = {583--604},
	volume = {24},
	number = {6},
	doi = {10.29220/csam.2017.24.6.583},
	langid = {en}
}

@article{alt2001,
	title = {Aggregation Among Binary, Count, and Duration Models: Estimating the Same Quantities from Different Levels of Data},
	author = {{Alt}, {James E.} and {King}, {Gary} and {Signorino}, {Curtis S.}},
	year = {2001},
	date = {2001},
	journal = {Political Analysis},
	pages = {21--44},
	volume = {9},
	number = {1},
	doi = {10.1093/oxfordjournals.pan.a004863},
	langid = {en}
}

@article{elkins2021,
	title = {What Can We Learn from Written Constitutions?},
	author = {{Elkins}, {Zachary} and {Ginsburg}, {Tom}},
	year = {2021},
	month = {02},
	date = {2021-02-26},
	journal = {Annual Review of Political Science},
	volume = {24},
	number = {1},
	doi = {10.1146/annurev-polisci-100720-102911},
	langid = {en}
}

@book{ackerman2000we,
  title={We the People, Volume 2: Transformations},
  author={Ackerman, Bruce},
  year={2000},
  publisher={Harvard University Press},
  url={https://www.hup.harvard.edu/catalog.php?isbn=9780674003972}
}

@book{wiener2008,
	title = {The Invisible Constitution of Politics: Contested Norms and International Encounters},
	author = {{Wiener}, {Antje}},
	year = {2008},
	publisher = {Cambridge University Press},
	doi = {10.1017/CBO9780511490408}
}

@article{adcock2001,
	title = {Measurement Validity: A Shared Standard for Qualitative and Quantitative Research},
	author = {{Adcock}, {Robert} and {Collier}, {David}},
	year = {2001},
	month = {09},
	date = {2001-09},
	journal = {American Political Science Review},
	pages = {529--546},
	volume = {95},
	number = {3},
	doi = {10.1017/s0003055401003100},
	langid = {en}
}

@article{grimmer2021,
	title = {Machine Learning for Social Science: An Agnostic Approach},
	author = {{Grimmer}, {Justin} and {Roberts}, {Margaret E.} and {Stewart}, {Brandon M.}},
	year = {2021},
	month = {03},
	date = {2021-03-05},
	journal = {Annual Review of Political Science},
	volume = {24},
	number = {1},
	doi = {10.1146/annurev-polisci-053119-015921},
	langid = {en}
}

@book{house2014freedom,
  title={Freedom in the world 2021: Democracy under siege},
  author={Sarah Repucci and Amy Slipowitz},
  publisher={Freedom House},
  year={2021},
  url={https://freedomhouse.org/report/freedom-world/2021/democracy-under-siege}
}

@book{vdemreport,
  title={Autocratization Turns Viral: Democracy Report 2021},
  author={V-Dem Institute},
  year={2021},
  url={https://www.v-dem.net/publications/democracy-reports/}
}


@article{waldner2018,
	title = {Unwelcome Change: Coming to Terms with Democratic Backsliding},
	author = {{Waldner}, {David} and {Lust}, {Ellen}},
	year = {2018},
	month = {05},
	date = {2018-05-11},
	journal = {Annual Review of Political Science},
	pages = {93--113},
	volume = {21},
	number = {1},
	doi = {10.1146/annurev-polisci-050517-114628},
	langid = {en}
}

@book{mainwaring2013,
	title = {Democracies and Dictatorships in Latin America: Emergence, Survival, and Fall},
	author = {{Mainwaring}, {Scott} and {Perez-Linan}, {Anibal}},
	year = {2013},
	publisher = {Cambridge University Press},
	doi = {10.1017/cbo9781139047845}
}

@book{putnam1993making,
  title={Making democracy work: Civic traditions in modern Italy},
  author={Putnam, Robert D and Leonardi, Robert},
  year={1993},
  publisher={Princeton University Press},
  url={https://press.princeton.edu/books/paperback/9780691037387/making-democracy-work}
}

@book{reynolds2010designing,
  title={Designing democracy in a dangerous world},
  author={Reynolds, Andrew},
  year={2010},
  publisher={OUP Oxford},
  url={https://global.oup.com/academic/product/designing-democracy-in-a-dangerous-world-9780199594498}
}

@book{boix2003,
	title = {Democracy and Redistribution},
	author = {{Boix}, {Carles}},
	year = {2003},
	publisher={Cambridge University Press},
	doi = {10.1017/CBO9780511804960}
}

@book{rabushka1972politics,
  title={Politics in plural societies},
  author={Rabushka, Alvin and Shepsle, Kenneth A},
  year={1972},
  publisher={Merill}
}

@article{levitsky2006,
	title = {Linkage versus Leverage. Rethinking the International Dimension of Regime Change},
	author = {{Levitsky}, {Steven} and {Way}, {Lucan A.}},
	year = {2006},
	month = {07},
	date = {2006-07-01},
	journal = {Comparative Politics},
	pages = {379},
	volume = {38},
	number = {4},
	doi = {10.2307/20434008},
	langid = {en}
}

@article{abramson1995,
	title = {Third-Party and Independent Candidates in American Politics: Wallace, Anderson, and Perot},
	author = {Abramson, Paul R. and Aldrich, John H. and Paolino, Phil and Rohde, David W.},
	year = {1995},
	date = {1995},
	journal = {Political Science Quarterly},
	pages = {349--367},
	volume = {110},
	number = {3},
	doi = {10.2307/2152568},
	langid = {en}
}

@article{collins2023,
  author = {Michael Collins},
  title = {A Trump-Biden rematch? Pass, says this group searching for a third-party option in 2024},
  journal = {USA Today},
  year = {2023},
  date = {2023-05-13},
  url = {https://www.usatoday.com/story/news/politics/elections/2023/05/13/no-labels-third-party-candidate-2024-spoiler-for-biden-trump/70195996007/}
}

@book{holt1999,
  title={The rise and fall of the American Whig Party: Jacksonian politics and the onset of the Civil War},
  author={Holt, Michael F},
  year={1999},
  publisher={Oxford University Press}
}

@inbook{drutman2021,
	title = {Spoiler Alert: Why Americans’ Desires for a Third Party Are Unlikely to Come True},
	author = {Drutman, Lee and Galston, William A. and Lindberg, Tod},
	year = {2021},
	month = {04},
	date = {2021-04-21},
	publisher = {University Press of Kansas},
	pages = {254--288},
	doi = {10.2307/j.ctv1m0kjj1.15},
	url = {https://www.voterstudygroup.org/publication/spoiler-alert}
}

@article{hoadley1980,
	title = {The Emergence of Political Parties in Congress, 1789{\textendash}1803},
	author = {Hoadley, John F.},
	year = {1980},
	month = {09},
	date = {1980-09},
	journal = {American Political Science Review},
	pages = {757--779},
	volume = {74},
	number = {3},
	doi = {10.2307/1958156},
	langid = {en}
}

@book{cpds2022,
	title = {Comparative Political Data Set 1960-2020},
	author = {Klaus Armingeon and Sarah Engler and Lucas Leemann},
	year = {2022},
	publisher = {University of Zurich},
	url = {https://www.cpds-data.org/index.php/data}
}

@misc{manifesto2023,
  Author = {{Lehmann}, {Pola} and {Franzmann}, {Simon} and {Burst}, {Tobias} and {Regel}, {Sven} and {RiethmÃ¼ller}, {Felicia} and {Volkens}, {Andrea} and {WeÃŸels}, {Bernhard} and {Zehnter}, {Lisa}},
  Publisher = {Wissenschaftszentrum Berlin für Sozialforschung / Göttingen: Institut für Demokratieforschung},
  Title = {The Manifesto Data Collection. Manifesto Project (MRG/CMP/MARPOR). Version 2023a},
  doi = {10.25522/manifesto.mpds.2023a},
  Year = {2023}
}

@misc{ncsl2022,
	author = {{National Conference of State Legislatures}},
	title = {2020 Partisan Composition},
	date = {2020-04-01},
	year = {2020},
	url = {https://www.ncsl.org/about-state-legislatures/state-partisan-composition}
}

@misc{ncsl2023,
	author = {{National Conference of State Legislatures}},
	title = {2023 Partisan Composition},
	date = {2023-05-22},
	year = {2023},
	url = {https://www.ncsl.org/about-state-legislatures/state-partisan-composition}
}

@misc{ncsl2017,
	author = {{National Conference of State Legislatures}},
	title = {2017 Partisan Composition},
	date = {2017-03-01},
	year = {207},
	url = {https://www.ncsl.org/about-state-legislatures/state-partisan-composition}
}

@misc{hamilton1787,
	title = {Constitutional Convention. Notes Taken in the Federal Convention},
	author = {Alexander Hamilton},
	publisher = {National Archives},
	year = {1787},
	url = {https://founders.archives.gov/documents/Hamilton/01-04-02-0093}
}

@misc{hamilton1788,
	title = {New York Ratifying Convention. First Speech of June 21},
	author = {Alexander Hamilton},
	publisher = {National Archives},
	year = {1788},
	url = {https://founders.archives.gov/documents/Hamilton/01-05-02-0012-0011}
}

@misc{fairvote2023,
	author = {{FairVote}},
	title = {Ranked Choice Voting Information},
	year = {2023},
	accessed = {2023-07-17},
	url = {https://fairvote.org/our-reforms/ranked-choice-voting-information/}
}

@article{jerdonek2006,
  title={Ranked choice voting and voter turnout in San Francisco’s 2005 election},
  author={Jerdonek, Christopher},
  journal={FairVote},
  year={2006},
  url={https://archive.fairvote.org/rcv/brochures/SF_Research_IRV_and_Turnout.pdf}
}

@article{mcdaniel2016,
	title = {Writing the Rules to Rank the Candidates: Examining the Impact of Instant-Runoff Voting on Racial Group Turnout in San Francisco Mayoral Elections},
	author = {Mcdaniel, Jason A.},
	year = {2016},
	month = {08},
	date = {2016-08},
	journal = {Journal of Urban Affairs},
	pages = {387--408},
	volume = {38},
	number = {3},
	doi = {10.1111/juaf.12209},
	langid = {en}
}

@article{juelich2021,
	title = {Ranked Choice Voting and Youth Voter Turnout: The Roles of Campaign Civility and Candidate Contact},
	author = {Juelich, Courtney L. and Coll, Joseph A.},
	year = {2021},
	month = {06},
	date = {2021-06-15},
	journal = {Politics and Governance},
	pages = {319--331},
	volume = {9},
	number = {2},
	doi = {10.17645/pag.v9i2.3914}
}

@techreport{schultz2010,
	title = {Evaluating Ranked Choice Voting in the 2009 Minneapolis Elections: A report for the Minneapolis Elections Department},
	author = {David Schultz and Kristi Rendahl},
	year = {2010},
	institution = {Minneapolis Elections Department},
	url = {https://citeseerx.ist.psu.edu/document?repid=rep1&type=pdf&doi=8c8e7b9258d4fc629bdc9cd7de034c172f757bce}
}

@conference{mcdaniel2019,
	title = {Electoral Rules and Voter Turnout in Mayoral Elections: An Analysis of Ranked-Choice Voting},
	author = {Mcdaniel, Jason A.},
	series = {Election Systems, Reform, and Administration Conference},
	address = {Philadelphia},
	year = {2019},
	url = {https://cpb-us-w2.wpmucdn.com/web.sas.upenn.edu/dist/7/538/files/2019/07/McDaniel-RCV-Voter-Turnout-Revised-ESRA-2019.pdf}
}

@mastersthesis{holtzman2012,
  author  = {Holtzman, Alexander},
  title   = {The Unanticipated Inequalities of Electoral Reform: Racial and Ethnic Disparities in Voting Behavior under Oakland's Ranked Choice Voting Program},
  school  = {Stanford University},
  year    = {2012},
  url 	  = {https://hawaiifreepress.com/Portals/0/Article%20Attachments/Racial%20and%20Ethnic%20Disparities%20in%20RCV.pdf}
}

@unpublished{mcginn2020,
	author = {Eamon McGinn},
	title = {Rating Rankings: Effect of Instant Run-off Voting on participation and civility},
	year = {2020},
	url = {http://eamonmcginn.com.s3-website-ap-southeast-2.amazonaws.com/papers/IRV_in_Minneapolis.pdf}
}

@unpublished{kimball2016,
	author = {David	C. Kimball and Joseph	Anthony},
	title = {Voter Participation with Ranked Choice Voting in the United States},
	year = {2016},
	url = {https://www.umsl.edu/~kimballd/KimballRCV.pdf}
}

@article{mccannon2022,
	title = {Ranked Choice Voting in Mayoral Elections},
	author = {McCannon, Bryan C.},
	year = {2022},
	date = {2022},
	journal = {SSRN Electronic Journal},
	doi = {10.2139/ssrn.4100734},
	langid = {en}
}

@article{nielson2017,
	title = {Ranked Choice Voting and Attitudes toward Democracy in the United States: Results from a Survey Experiment},
	author = {Nielson, Lindsay},
	year = {2017},
	month = {08},
	date = {2017-08},
	journal = {Politics & Policy},
	pages = {535--570},
	volume = {45},
	number = {4},
	doi = {10.1111/polp.12212},
	langid = {en}
}

@article{cerrone2021,
	title = {Ranked-Choice Voting, Runoff, and Democracy: Insights from Maine and Other U.S. States},
	author = {Cerrone, Joseph and McClintock, Cynthia},
	year = {2021},
	date = {2021},
	journal = {SSRN Electronic Journal},
	doi = {10.2139/ssrn.3769409},
	langid = {en}
}

@techreport{moser2022,
	title = {Polling Shows Alaskan Voters Understand Ranked Choice Voting},
	author = {Amanda Moser},
	year = {2022},
	institution = {Alaskans for Better Elections},
	url = {https://www.alaskansforbetterelections.com/polling-shows-alaskan-voters-understand-ranked-choice-voting/}
}

@techreport{robinson2018,
	title = {Maine Voters Want to Keep RCV},
	author = {Rich Robinson},
	year = {2018},
	institution = {FairVote},
	url = {https://fairvote.org/press/maine_voters_want_to_keep_rcv/}
}

@article{atkinson2023,
	title = {Beyond the Spoiler Effect: Can Ranked Choice Voting Solve the Problem of Political Polarization?},
	author = {Atkinson, Nathan and Foley, Edward B. and Ganz, Scott},
	year = {2023},
	date = {2023},
	journal = {SSRN Electronic Journal},
	doi = {10.2139/ssrn.4411173},
	langid = {en}
}

@article{mcdaniel2018,
	title = {Does More Choice Lead to Reduced Racially Polarized Voting? Assessing the Impact of Ranked-Choice Voting in Mayoral Elections},
	author = {McDaniel, Jason},
	year = {2018},
	month = {10},
	date = {2018-10-12},
	journal = {California Journal of Politics and Policy},
	volume = {10},
	number = {2},
	doi = {10.5070/p2cjpp10241252}
}

@article{clark2020,
	title = {Rank Deficiency? Analyzing the Costs and Benefits of Single-Winner Ranked-Choice Voting},
	author = {Clark, Jesse},
	year = {2020},
	date = {2020},
	journal = {SSRN Electronic Journal},
	doi = {10.2139/ssrn.3703197},
	langid = {en}
}

@article{donovan2019,
	title = {Self{-}Reported Understanding of Ranked{-}Choice Voting},
	author = {Donovan, Todd and Tolbert, Caroline and Gracey, Kellen},
	year = {2019},
	month = {04},
	date = {2019-04-23},
	journal = {Social Science Quarterly},
	pages = {1768--1776},
	volume = {100},
	number = {5},
	doi = {10.1111/ssqu.12651},
	langid = {en}
}

@article{coll2021,
	title = {Demographic Disparities Using Ranked-Choice Voting? Ranking Difficulty, Under-Voting, and the 2020 Democratic Primary},
	author = {Coll, Joseph A.},
	year = {2021},
	month = {06},
	date = {2021-06-15},
	journal = {Politics and Governance},
	pages = {293--305},
	volume = {9},
	number = {2},
	doi = {10.17645/pag.v9i2.3913}
}

@article{simmons2022,
	title = {Ranked-Choice Voting and the Potential for Improved Electoral Performance of Third-Party Candidates in America},
	author = {Simmons, Alan James and Gutierrez, Manuel and Transue, John E.},
	year = {2022},
	month = {02},
	date = {2022-02-25},
	journal = {American Politics Research},
	pages = {366--378},
	volume = {50},
	number = {3},
	doi = {10.1177/1532673x211072388},
	langid = {en}
}

@misc{fairvote2023,
	title = {Ranked Choice Voting Election Results},
	author = {FairVote},
	year = {2023},
	url = {https://docs.google.com/spreadsheets/d/1lU6viuXfay323Gl6zkH5itwmrUIUo9rAzalK_ntu-ZY/}
}

@misc{burlington2023,
	title = {Election Results},
	author = {{City of Burlington}},
	year = {2023},
	url = {https://www.burlingtonvt.gov/CT/Elections/Results}
}

@inbook{ballotpedia2023,
	title={Cam Gordon},
	booktitle={Encyclopedia of American Politics},
	author={Ballotpedia},
	year={2023},
	url={https://ballotpedia.org/Cam_Gordon}
}

@misc{utah2018,
	title = {Municipal Alternate Voting Methods Pilot Project},
	author = {{Utah State Legislature}},
	year = {2018},
	url = {https://le.utah.gov/xcode/Title20A/Chapter4/20A-4-P6.html}
}

@article{rosen2022,
	title = {In new bipartisan Alaska Senate majority of 17, members vow compromise and consensus},
	author = {Yereth Rosen and Alaska Beacon},
	year = {2022},
	journal = {Alaska Public Media},
	langid = {en},
	url = {https://alaskapublic.org/2022/11/29/in-new-bipartisan-alaska-senate-majority-of-17-members-vow-compromise-and-consensus/}
}

@inbook{bpalaska2023,
	title={Alaska House of Representatives elections, 2018},
	booktitle={Encyclopedia of American Politics},
	author={Ballotpedia},
	year={2023},
	url={https://ballotpedia.org/Alaska_House_of_Representatives_elections,_2018}
}

@book{aldrich1995,
  title={Why parties?: The origin and transformation of political parties in America},
  author={Aldrich, John H},
  year={1995},
  publisher={University of Chicago Press},
  url={https://press.uchicago.edu/ucp/books/book/chicago/W/bo11315021.html}
}

@article{snyder2002,
	title = {An Informational Rationale for Political Parties},
	author = {Snyder, James M. and Ting, Michael M.},
	year = {2002},
	month = {01},
	date = {2002-01},
	journal = {American Journal of Political Science},
	pages = {90},
	volume = {46},
	number = {1},
	doi = {10.2307/3088416}
}

@article{freepress2015,
	title = {Burlington City Council changes under redistricting},
	author = {{Free Press Staff}},
	year = {2015},
	journal = {Burlington Free Press},
	url = {https://www.newspapers.com/article/79691154/the-burlington-free-press/}
}

@misc{ssa2023,
	title = {Actuarial Life Table, 2020},
	author = {{Social Security Administration}},
	year = {2020},
	url = {https://www.ssa.gov/oact/STATS/table4c6.html}
}


@inbook{lane1996,
	title = {Introduction},
	author = {Lane, {Jan{-}Erik} and McKay, David and Newton, Kenneth},
	year = {1996},
	month = {12},
	date = {1996-12-26},
	publisher = {Oxford University PressOxford},
	pages = {1--4},
	doi = {10.1093/019828053x.003.0001}
}

@book{lindberg2006,
	title = {Democracy and Elections in Africa},
	author = {Lindberg, Staffan},
	year = {2006},
	date = {2006},
	publisher = {Johns Hopkins University Press},
	doi = {10.1353/book.3263}
}

@article{reynal-querol2002,
	title = {Political systems, stability and civil wars},
	author = {Reynal-Querol, Marta},
	year = {2002},
	month = {01},
	date = {2002-01},
	journal = {Defence and Peace Economics},
	pages = {465--483},
	volume = {13},
	number = {6},
	doi = {10.1080/10242690214332},
	langid = {en}
}

@article{reynal-querol2005,
	title = {Does democracy preempt civil wars?},
	author = {Reynal-Querol, Marta},
	year = {2005},
	month = {06},
	date = {2005-06},
	journal = {European Journal of Political Economy},
	pages = {445--465},
	volume = {21},
	number = {2},
	doi = {10.1016/j.ejpoleco.2004.08.003},
	langid = {en}
}

@article{esteban2008,
	title = {Polarization, Fractionalization and Conflict},
	author = {Esteban, Joan and Ray, Debraj},
	year = {2008},
	month = {03},
	date = {2008-03},
	journal = {Journal of Peace Research},
	pages = {163--182},
	volume = {45},
	number = {2},
	doi = {10.1177/0022343307087175},
	langid = {en}
}

@article{mukherjee2006,
	title = {Does Third-Party Enforcement or Domestic Institutions Promote Enduring Peace After Civil Wars? Policy Lessons From an Empirical Test},
	author = {Mukherjee, Bumba},
	year = {2006},
	month = {10},
	date = {2006-10},
	journal = {Foreign Policy Analysis},
	pages = {405--430},
	volume = {2},
	number = {4},
	doi = {10.1111/j.1743-8594.2006.00038.x},
	langid = {en}
}

@article{bellamy1996,
	title = {The Political Form of the Constitution: The Separation of Powers, Rights and Representative Democracy},
	author = {Bellamy, Richard},
	year = {1996},
	month = {08},
	date = {1996-08},
	journal = {Political Studies},
	pages = {436--456},
	volume = {44},
	number = {3},
	doi = {10.1111/j.1467-9248.1996.tb00593.x},
	langid = {en}
}

@article{tsebelis1995,
	title = {Decision Making in Political Systems: Veto Players in Presidentialism, Parliamentarism, Multicameralism and Multipartyism},
	author = {Tsebelis, George},
	year = {1995},
	month = {07},
	date = {1995-07},
	journal = {British Journal of Political Science},
	pages = {289--325},
	volume = {25},
	number = {3},
	doi = {10.1017/s0007123400007225},
	langid = {en}
}

@article{ganghof2003,
	title = {Promises and Pitfalls of Veto Player Analysis},
	author = {Ganghof, Steffen},
	year = {2003},
	month = {06},
	date = {2003-06},
	journal = {Swiss Political Science Review},
	pages = {1--25},
	volume = {9},
	number = {2},
	doi = {10.1002/j.1662-6370.2003.tb00411.x},
	langid = {en}
}

@book{dpi2020,
	title = {Database of Political Institutions},
	author = {Cesi Cruz and Philip Keefer and Carlos Scartascini},
	publisher = {Inter-American Development Bank},
	year = {2020},
	doi = {10.18235/0003049}
}

@book{tsebelis2002,
	URL = {http://www.jstor.org/stable/j.ctt7rvv7},
	author = {George Tsebelis},
	publisher = {Princeton University Press},
	title = {Veto Players: How Political Institutions Work},
	year = {2002}
}



@article{tsebelis1999,
	title = {Veto Players and Law Production in Parliamentary Democracies: An Empirical Analysis},
	author = {Tsebelis, George},
	year = {1999},
	month = {09},
	date = {1999-09},
	journal = {American Political Science Review},
	pages = {591--608},
	volume = {93},
	number = {3},
	doi = {10.2307/2585576},
	langid = {en}
}

@article{tsebelis2000,
	title = {Veto Players and Institutional Analysis},
	author = {Tsebelis, George},
	year = {2000},
	month = {10},
	date = {2000-10},
	journal = {Governance},
	pages = {441--474},
	volume = {13},
	number = {4},
	doi = {10.1111/0952-1895.00141},
	langid = {en}
}

@article{riker1982,
	title = {The Two-party System and Duverger's Law: An Essay on the History of Political Science},
	author = {Riker, William H.},
	year = {1982},
	month = {12},
	date = {1982-12-01},
	journal = {American Political Science Review},
	pages = {753--766},
	volume = {76},
	number = {4},
	doi = {10.2307/1962968},
	langid = {en}
}

@article{taagepera2006,
	title = {Rethinking Duverger's Law: Predicting the Effective Number of Parties in Plurality and PR Systems - Parties Minus Issues Equals One*},
	author = {Taagepera, Rein and Grogman, Bernard},
	year = {2006},
	month = {05},
	date = {2006-05-29},
	journal = {European Journal of Political Research},
	pages = {341--352},
	volume = {13},
	number = {4},
	doi = {10.1111/j.1475-6765.1985.tb00130.x},
	langid = {en}
}

@article{singer2012,
	title = {Was Duverger Correct? Single-Member District Election Outcomes in Fifty-three Countries},
	author = {Singer, Matthew M.},
	year = {2012},
	month = {08},
	date = {2012-08-20},
	journal = {British Journal of Political Science},
	pages = {201--220},
	volume = {43},
	number = {1},
	doi = {10.1017/s0007123412000233},
	langid = {en}
}

@article{blais2004,
	title = {To Adopt or Not to Adopt Proportional Representation: The Politics of Institutional Choice},
	author = {Blais, {André} and {Dobrzynska}, {Agnieska} and {Indridason}, {Indridi H.} },
	year = {2004},
	month = {12},
	date = {2004-12-08},
	journal = {British Journal of Political Science},
	pages = {182--190},
	volume = {35},
	number = {1},
	doi = {10.1017/s0007123405000098},
	langid = {en}
}

@article{raymond2014,
	title = {Explaining the multiparty systems of Western Europe prior to the adoption of proportional representation},
	author = {Raymond, Christopher},
	year = {2014},
	month = {06},
	date = {2014-06-02},
	journal = {Comparative European Politics},
	pages = {253--272},
	volume = {14},
	number = {3},
	doi = {10.1057/cep.2014.27},
	langid = {en}
}

@misc{elff2020,
	title = {Data on parties' positions in multiple dimensions across time and space},
	author = {Elff, Martin},
	year = {2020},
	month = {05},
	date = {2020-05-15},
	publisher = {Zenodo},
	doi = {10.5281/ZENODO.3829630},
	url = {https://zenodo.org/record/3829630}
}

@article{elff2013,
	title = {A Dynamic State-Space Model of Coded Political Texts},
	author = {Elff, Martin},
	year = {2013},
	date = {2013},
	journal = {Political Analysis},
	pages = {217--232},
	volume = {21},
	number = {2},
	doi = {10.1093/pan/mps042},
	url = {http://dx.doi.org/10.1093/pan/mps042},
	langid = {en}
}

@techreport{qog2023,
  title={The Quality of Government Standard Dataset, version Jan23},
  author={Jan Teorell and Aksel Sundström and Sören Holmberg and Bo Rothstein and Natalia Alvarado
Pachon and Cem Mert Dalli and Yente Meijers},
  year={2023},
  institution={University of Gothenburg: The Quality of Government Institute},
  doi={10.18157/qogstdjan23}
}

@incollection{roundtable2015,
	title={What Do We Know About Public Trust in Science},
	author={{{Roundtable on Public Interfaces of the Life Sciences}} and {{Board on Life Sciences; Division on Earth and Life Studies}} and {{Board on Science Education}} and {{Division of Behavioral and Social Sciences and Education}} and {{The National Academies of Sciences, Engineering, and Medicine}}},
	booktitle={Trust and Confidence at the Interfaces of the Life Sciences and Society: Does the Public Trust Science? A Workshop Summary},
	year={2015},
	url={https://www.ncbi.nlm.nih.gov/books/NBK321981/}
}

@inbook{kennedy2022,
	author={Brian Kennedy and Alec Tyson and Cary Funk},
	title={Americans’ Trust in Scientists, Other Groups Declines},
	publisher={Pew Research Center},
	year={2022},
	url={https://www.pewresearch.org/science/2022/02/15/americans-trust-in-scientists-other-groups-declines/}
}

@techreport{poll2021,
	title={National congressional term limits poll: Executive summary},
	author={{ McLaughlin and Associates}},
	institution={U.S. Term Limits},
	year={2021}
}

@techreport{poll2023,
	title={Term limits for members of Congress: A national survey of registered voters},
	author={Steven Kull},
	institution={Program for Public Consultation},
	year={2023}
}


@book{lijphart2017,
	title = {Patterns of Democracy},
	author = {Lijphart, Arend},
	year = {2017},
	month = {12},
	date = {2017-12-13},
	publisher = {Yale University Press},
	doi = {10.12987/9780300189124}
}

@article{peters2013,
	title = {Gap between science and media revisited: Scientists as public communicators},
	author = {Peters, Hans Peter},
	year = {2013},
	month = {08},
	date = {2013-08-12},
	journal = {Proceedings of the National Academy of Sciences},
	pages = {14102--14109},
	volume = {110},
	number = {supplement{\_}3},
	doi = {10.1073/pnas.1212745110},
	langid = {en}
}

@book{saez2019,
  title={The triumph of injustice: How the rich dodge taxes and how to make them pay},
  author={Saez, Emmanuel and Zucman, Gabriel},
  year={2019},
  publisher={WW Norton \& Company},
  url={https://wwnorton.com/books/the-triumph-of-injustice}
}

@article{breunig2019,
	title = {That moving graph of US tax rates that went viral, it’s probably wrong. Here’s why},
	author = {Robert Breunig},
	year = {2019},
	date = {2019-11-23},
	journal = {The Conversation},
	url = {https://theconversation.com/that-moving-graph-of-us-tax-rates-that-went-viral-its-probably-wrong-heres-why-127233}

}

@article{lee2021,
	title = {Viral Visualizations: How Coronavirus Skeptics Use Orthodox Data Practices to Promote Unorthodox Science Online},
	author = {Lee, Crystal and Yang, Tanya and Inchoco, Gabrielle D and Jones, Graham M. and Satyanarayan, Arvind},
	year = {2021},
	month = {05},
	date = {2021-05-06},
	journal = {Proceedings of the 2021 CHI Conference on Human Factors in Computing Systems},
	doi = {10.1145/3411764.3445211}
} 

@article{ackerman2021,
	title = {Data Visualizations: When More COVID-19 Data Doesn’t Equal More Understanding},
	author = {Daniel Ackerman},
	year = {2021},
	date = {2021-12-30},
	journal = {SciTechDaily},
	url = {https://scitechdaily.com/data-visualizations-when-more-covid-19-data-doesnt-equal-more-understanding/}
}



@article{mainwaring1997,
	title = {Juan Linz, Presidentialism, and Democracy: A Critical Appraisal},
	author = {Mainwaring, Scott and Shugart, Matthew S.},
	year = {1997},
	month = {07},
	date = {1997-07},
	journal = {Comparative Politics},
	pages = {449},
	volume = {29},
	number = {4},
	doi = {10.2307/422014}
}

@article{cheibub2011,
	title = {Latin American Presidentialism in Comparative and Historical Perspective},
	author = {Cheibub, {José} and Elkins, Zachary and Ginsburg, Tom},
	year = {2011},
	journal = {Texas Law Review},
	volume = {89},
	pages = {1707},
	doi = {10.26153/TSW/1476}
}

@article{mainwaring1993,
	title = {Presidentialism, Multipartism, and Democracy},
	author = {Mainwaring, Scott},
	year = {1993},
	month = {07},
	date = {1993-07},
	journal = {Comparative Political Studies},
	pages = {198--228},
	volume = {26},
	number = {2},
	doi = {10.1177/0010414093026002003},
	langid = {en}
}

@article{lijphart1991,
	title = {Constitutional Choices for New Democracies},
	author = {Lijphart, Arend},
	year = {1991},
	date = {1991},
	journal = {Journal of Democracy},
	pages = {72--84},
	volume = {2},
	number = {1},
	doi = {10.1353/jod.1991.0011},
	langid = {en}
}

@article{law2012,
  title={The declining influence of the United States constitution},
  author={Law, David S and Versteeg, Mila},
  journal={NYU Law Review},
  volume={87},
  pages={762},
  year={2012},
  url={https://www.nyulawreview.org/issues/volume-87-number-3/the-declining-influence-of-the-united-states-constitution/}
}

@article{farhang2005,
	title = {The Southern Imposition: Congress and Labor in the New Deal and Fair Deal},
	author = {Farhang, Sean and Katznelson, Ira},
	year = {2005},
	month = {04},
	date = {2005-04},
	journal = {Studies in American Political Development},
	pages = {1--30},
	volume = {19},
	number = {1},
	doi = {10.1017/s0898588x05000015},
	langid = {en}
}

@article{sedelius2017,
	title = {Unravelling semi-presidentialism: democracy and government performance in four distinct regime types},
	author = {Sedelius, Thomas and Linde, Jonas},
	year = {2017},
	month = {06},
	date = {2017-06-13},
	journal = {Democratization},
	pages = {136--157},
	volume = {25},
	number = {1},
	doi = {10.1080/13510347.2017.1334643},
	langid = {en}
}

@article{palanza2013,
	title = {Veto Bargaining and the Legislative Process in Multiparty Presidential Systems},
	author = {Palanza, Valeria and Sin, Gisela},
	year = {2013},
	month = {07},
	date = {2013-07-02},
	journal = {Comparative Political Studies},
	pages = {766--792},
	volume = {47},
	number = {5},
	doi = {10.1177/0010414013489958},
	langid = {en}
}

@article{shugart2005,
	title = {Semi-Presidential Systems: Dual Executive And Mixed Authority Patterns},
	author = {Shugart, {Matthew Søberg}},
	year = {2005},
	month = {11},
	date = {2005-11-30},
	journal = {French Politics},
	pages = {323--351},
	volume = {3},
	number = {3},
	doi = {10.1057/palgrave.fp.8200087},
	langid = {en}
}

@article{dunleavy2011,
	title = {Analysing multiparty competition in plurality rule elections},
	author = {Dunleavy, Patrick and Diwakar, Rekha},
	year = {2011},
	month = {09},
	date = {2011-09-11},
	journal = {Party Politics},
	pages = {855--886},
	volume = {19},
	number = {6},
	doi = {10.1177/1354068811411026},
	langid = {en}
}

@article{dejanes1985,
	URL = {http://www.jstor.org/stable/41881663},
	author = {R. Benneson DeJanes},
	journal = {International Social Science Review},
	number = {4},
	pages = {153--159},
	title = {The Ex-Post Facto Effect: Southern Support for the New Deal},
	volume = {60},
	year = {1985}
}

@inbook{biles1994,
	ISBN = {9780813118369},
	URL = {http://www.jstor.org/stable/j.ctt130j2h9.8},
	author = {Rober Biles},
	booktitle = {The South and the New Deal},
	pages = {58--82},
	publisher = {University Press of Kentucky},
	title = {Relief and Employment},
	year = {1994}
}

@book{rothstein2017,
  title={The color of law: A forgotten history of how our government segregated America},
  author={Rothstein, Richard},
  year={2017},
  publisher={Liveright Publishing},
  url={https://www.epi.org/publication/the-color-of-law-a-forgotten-history-of-how-our-government-segregated-america/}
}



@book{maxwell2019,
	title = {The Long Southern Strategy},
	author = {Maxwell, Angie and Shields, Todd},
	year = {2019},
	month = {08},
	date = {2019-08-22},
	publisher = {Oxford University Press},
	doi = {10.1093/oso/9780190265960.001.0001}
}

@book{levendusky2009,
  title={The partisan sort: How liberals became Democrats and conservatives became Republicans},
  author={Levendusky, Matthew},
  year={2009},
  publisher={University of Chicago Press},
  url={https://press.uchicago.edu/ucp/books/book/chicago/P/bo8212972.html}
}

@inproceedings{stanig2011,
  title={Measuring political polarization in comparative perspective},
  author={Stanig, Piero},
  booktitle={APSA 2011 Annual Meeting Paper},
  year={2011},
  url={https://ssrn.com/abstract=1903475}
}

@article{boxell2022,
	title = {Cross-Country Trends in Affective Polarization},
	author = {Boxell, Levi and Gentzkow, Matthew and Shapiro, Jesse M.},
	year = {2022},
	month = {01},
	date = {2022-01-25},
	journal = {The Review of Economics and Statistics},
	pages = {1--60},
	doi = {10.1162/rest_a_01160},
	langid = {en}
}

@article{urman2019,
	title = {Context matters: political polarization on Twitter from a comparative perspective},
	author = {Urman, Aleksandra},
	year = {2019},
	month = {10},
	date = {2019-10-15},
	journal = {Media, Culture & Society},
	pages = {857--879},
	volume = {42},
	number = {6},
	doi = {10.1177/0163443719876541},
	langid = {en}
}

@article{lutz1994,
	title = {Toward a Theory of Constitutional Amendment},
	author = {Lutz, Donald S.},
	year = {1994},
	month = {06},
	date = {1994-06},
	journal = {American Political Science Review},
	pages = {355--370},
	volume = {88},
	number = {2},
	doi = {10.2307/2944709},
	langid = {en}
}

@article{ginsburg2015,
	title = {Does the constitutional amendment rule matter at all?: Amendment cultures and the challenges of measuring amendment difficulty},
	author = {Ginsburg, T. and Melton, J.},
	year = {2015},
	month = {07},
	date = {2015-07-01},
	journal = {International Journal of Constitutional Law},
	pages = {686--713},
	volume = {13},
	number = {3},
	doi = {10.1093/icon/mov041},
	langid = {en}
}

@inbook{qvortrup2017,
	title = {Two Hundred Years of Referendums},
	author = {Qvortrup, Matt},
	year = {2017},
	month = {08},
	date = {2017-08-18},
	publisher = {Springer International Publishing},
	pages = {263--272},
	doi = {10.1007/978-3-319-57798-2_9}
}

@article{eisenstadt2015,
	title = {When Talk Trumps Text: The Democratizing Effects of Deliberation during Constitution-Making, 1974{\textendash}2011},
	author = {Eisenstadt, Todd A. and LeVan, A. Carl and Maboudi, Tofigh},
	year = {2015},
	month = {08},
	date = {2015-08},
	journal = {American Political Science Review},
	pages = {592--612},
	volume = {109},
	number = {3},
	doi = {10.1017/s0003055415000222},
	langid = {en}
}

@article{lijphart1977,
	title = {Majority rule versus democracy in deeply divided societies},
	author = {Lijphart, Arend},
	year = {1977},
	month = {12},
	date = {1977-12},
	journal = {Politikon},
	pages = {113--126},
	volume = {4},
	number = {2},
	doi = {10.1080/02589347708704717},
	langid = {en}
}

@article{linz1990,
	title = {The Perils of Presidentialism},
	author = {Linz, Juan J.},
	year = {1990},
	journal = {Journal of Democracy},
	pages = {51--69},
	volume = {1},
	number = {1},
	url = {https://muse.jhu.edu/article/225694},
	langid = {en}
}

@article{klug2000,
	title = {Model and Anti-Model: The United States Constitution and the Rise of World Constitutionalism},
	author = {Heinz Klug},
	year = {2000},
	journal = {Wisconsin Law Review},
	volume = {2000},
	url = {https://ssrn.com/abstract=3523330},
	langid = {en}
}

@article{bernaerts2022,
	title = {Institutional design and polarization. Do consensus democracies fare better in fighting polarization than majoritarian democracies?},
	author = {Bernaerts, Kamil and Blanckaert, Benjamin and Caluwaerts, Didier},
	year = {2022},
	month = {09},
	date = {2022-09-30},
	journal = {Democratization},
	pages = {153--172},
	volume = {30},
	number = {2},
	doi = {10.1080/13510347.2022.2117300},
	langid = {en}
}

@inbook{hacker2015,
	title = {Confronting Asymmetric Polarization},
	author = {Hacker, Jacob S. and Pierson, Paul},
	booktitle = {Solutions to Political Polarization in America},
	year = {2015},
	month = {04},
	date = {2015-04-27},
	publisher = {Cambridge University Press},
	pages = {59--70},
	doi = {10.1017/cbo9781316091906.003}
}

@article{golder2016,
	title = {Far Right Parties in Europe},
	author = {Golder, Matt},
	year = {2016},
	month = {05},
	date = {2016-05-11},
	journal = {Annual Review of Political Science},
	pages = {477--497},
	volume = {19},
	number = {1},
	doi = {10.1146/annurev-polisci-042814-012441},
	langid = {en}
}

@article{fish2018,
	title = {What Has Russia Become?},
	author = {Fish, M. Steven},
	year = {2018},
	month = {04},
	date = {2018-04-01},
	journal = {Comparative Politics},
	pages = {327--346},
	volume = {50},
	number = {3},
	doi = {10.5129/001041518822704872},
	langid = {en}
}

@article{schmitter1991,
	title = {What Democracy Is. . . and Is Not},
	author = {Schmitter, Philippe C and Karl, Terry Lynn},
	year = {1991},
	date = {1991},
	journal = {Journal of Democracy},
	pages = {75--88},
	volume = {2},
	number = {3},
	doi = {10.1353/jod.1991.0033},
	langid = {en}
}

@article{borges2020,
	title = {Electoral incentives to coalition formation in multiparty presidential systems},
	author = {Borges, {André} and Turgeon, Mathieu and Albala, {Adrián}},
	year = {2020},
	month = {09},
	date = {2020-09-01},
	journal = {Party Politics},
	pages = {1279--1289},
	volume = {27},
	number = {6},
	doi = {10.1177/1354068820953527},
	langid = {en}
}

@article{colomer2005,
	title = {Can Presidentialism Work Like Parliamentarism?},
	author = {Colomer, Josep M. and Negretto, Gabriel L.},
	year = {2005},
	date = {2005},
	journal = {Government and Opposition},
	pages = {60--89},
	volume = {40},
	number = {1},
	doi = {10.1111/j.1477-7053.2005.00143.x},
	langid = {en}
}

@article{brancati2008,
	title = {Winning Alone: The Electoral Fate of Independent Candidates Worldwide},
	author = {Brancati, Dawn},
	year = {2008},
	month = {07},
	date = {2008-07},
	journal = {The Journal of Politics},
	pages = {648--662},
	volume = {70},
	number = {3},
	doi = {10.1017/s0022381608080675},
	langid = {en}
}

@article{marshall2008,
	title={Boston University Law Review},
	author={Marshall, William P. },
	title={Eleven Reasons Why Presidential Power Inevitably Expands and Why It Matters Symposium: The Role of the President in the Twenty-First Century},
	journal={Boston University Law Review},
	volume={88},
	pages={505},
	year={2008},
	url={https://heinonline.org/HOL/P?h=hein.journals/bulr88&i=516}
}



@article{gibler2011,
	title = {Testing the Effects of Independent Judiciaries on the Likelihood of Democratic Backsliding},
	author = {Gibler, Douglas M. and Randazzo, Kirk A.},
	year = {2011},
	month = {02},
	date = {2011-02-08},
	journal = {American Journal of Political Science},
	pages = {696--709},
	volume = {55},
	number = {3},
	doi = {10.1111/j.1540-5907.2010.00504.x},
	langid = {en}
}

@article{copeland1983,
	title = {When Congress and the President Collide: Why Presidents Veto Legislation},
	author = {Copeland, Gary W.},
	year = {1983},
	month = {08},
	date = {1983-08},
	journal = {The Journal of Politics},
	pages = {696--710},
	volume = {45},
	number = {3},
	doi = {10.2307/2130711},
	langid = {en}
}

@article{grinde1991,
  title={Exemplar of Liberty: Native America and the Evolution of Democracy. Native American Politics Series No. 3.},
  author={Grinde Jr, Donald A and Johansen, Bruce E},
  year={1991},
  publisher={American Indian Studies Center, UCLA},
  url={http://www.books.aisc.ucla.edu/toc/exemplar.html}
}

@article{levy1996,
	title = {Exemplars of Taking Liberties: The Iroquois Influence Thesis and the Problem of Evidence},
	author = {Levy, Philip A.},
	year = {1996},
	month = {07},
	date = {1996-07},
	journal = {The William and Mary Quarterly},
	pages = {588},
	volume = {53},
	number = {3},
	doi = {10.2307/2947206}
}

@article{kim2013,
	title = {Impeachment and presidential politics in new democracies},
	author = {Kim, Young Hun},
	year = {2013},
	month = {01},
	date = {2013-01-30},
	journal = {Democratization},
	pages = {519--553},
	volume = {21},
	number = {3},
	doi = {10.1080/13510347.2012.751973},
	langid = {en}
}

@article{gibson1978,
	title = {Judges' Role Orientations, Attitudes, and Decisions: An Interactive Model},
	author = {Gibson, James L.},
	year = {1978},
	month = {09},
	date = {1978-09},
	journal = {American Political Science Review},
	pages = {911--924},
	volume = {72},
	number = {3},
	doi = {10.2307/1955111},
	langid = {en}
}

@book{crenson2007,
  title={Presidential power: unchecked and unbalanced},
  author={Crenson, Matthew A and Ginsberg, Benjamin},
  year={2007},
  publisher={WW Norton \& Company},
  url={https://politicalscience.jhu.edu/faculty-books/presidential-power-unchecked-unbalanced/}
}

@article{burkhardt2017,
	title = {The institutionalization of relative advantage: formal institutions, subconstitutional presidential powers, and the rise of authoritarian politics in Russia, 1994{\textendash}2012},
	author = {Burkhardt, Fabian},
	year = {2017},
	month = {10},
	date = {2017-10-17},
	journal = {Post-Soviet Affairs},
	pages = {472--495},
	volume = {33},
	number = {6},
	doi = {10.1080/1060586x.2017.1388471},
	langid = {en}
}

@book{mont1748,
	title={The Spirit of Laws},
	author={Montesquieu, Charles},
	publisher={T. Evans},
	address={London},
	year={1748},
	url={https://oll.libertyfund.org/title/montesquieu-complete-works-vol-1-the-spirit-of-laws}
}

@article{elgie2018,
	author={Elgie, Robert},
	title={Semi-presidentialism, premier-presidentialism and president-parliamentarism – A new country-years dataset},
	journal={Presidential Power},
	date={2018-04-03},
	year={2018},
	url={https://presidential-power.net/?p=7901}
}


@book{theself1999,
	title = {The Self-Restraining State},
	editor = {Schedler, Andreas and Diamond, Larry and Plattner, Marc F.},
	year = {1999},
	month = {02},
	date = {1999-02-01},
	publisher = {Lynne Rienner Publishers},
	doi = {10.1515/9781685854133}
}

@article{berggren2020,
	title = {Securing personal freedom through institutions: the role of electoral democracy and judicial independence},
	author = {Berggren, Niclas and Gutmann, Jerg},
	year = {2020},
	month = {02},
	date = {2020-02-24},
	journal = {European Journal of Law and Economics},
	pages = {165--186},
	volume = {49},
	number = {2},
	doi = {10.1007/s10657-020-09643-9},
	langid = {en}
}

@article{cheibub2002,
	title = {Democratic Institutions and Regime Survival: Parliamentary and Presidential Democracies Reconsidered},
	author = {Cheibub, José and Limongi, Fernando},
	year = {2002},
	month = {06},
	date = {2002-06},
	journal = {Annual Review of Political Science},
	pages = {151--179},
	volume = {5},
	number = {1},
	doi = {10.1146/annurev.polisci.5.102301.084508},
	langid = {en}
}

@misc{vparties2022,
	title = {V-Party Dataset v2},
	author = {{Staffan. I. Lindberg, Nils Düpont, Masaaki Higashijima, Yaman Berker Kavasoglu, Kyle L. Marquardt, Michael Bernhard, Holger Döring, Allen Hicken, Melis Laebens, Juraj Medzihorsky, Anja Neundorf, Ora John Reuter, Saskia Ruth-Lovell, Keith R. Weghorst, Nina Wiesehomeier, Joseph Wright, Nazifa Alizada, Paul Bederke, Lisa Gastaldi, Sandra Grahn, Garry Hindle, Nina Ilchenko, Johannes Von Römer, Steven Wilson, Daniel Pemstein, Brigitte Seim}},
	year = {2022},
	publisher = {V-Dem Institute},
	doi = {10.23696/VPARTYDSV2},
	url = {https://www.v-dem.net/vpartyds.html}
}

@book{idea2018,
	title = {Electoral System Design Database},
	author = {{International Institute for Democracy and Electoral Assistance}},
	publisher = {International IDEA},
	address = {Strömsborg},
	year = {2018},
	url = {https://www.idea.int/data-tools/data/electoral-system-design-database}
}



@inbook{baldini2000,
	title = {Parliamentary Dynamics, Government Stability and Fiscal Policy},
	author = {Baldini, Alfredo},
	year = {2000},
	date = {2000},
	publisher = {Springer US},
	pages = {19--59},
	doi = {10.1007/978-1-4615-4555-2_2}
}

@article{vowles2010,
	title = {Making a difference? Public perceptions of coalition, single-party, and minority governments},
	author = {Vowles, Jack},
	year = {2010},
	month = {09},
	date = {2010-09},
	journal = {Electoral Studies},
	pages = {370--380},
	volume = {29},
	number = {3},
	doi = {10.1016/j.electstud.2010.03.006},
	langid = {en}
}

@article{bawn2003,
	title = {Coalition Parties Versus Coalitions of Parties: How Electoral Agency Shapes the Political Logic of Costs and Benefits},
	author = {Bawn, Kathleen and Rosenbluth, Frances McCall},
	year = {2003},
	date = {2003},
	journal = {SSRN Electronic Journal},
	doi = {10.2139/ssrn.1154118},
	langid = {en}
}

@book{key1949,
	title = {Southern Politics in State and Nation},
	author = {Key, V. O., Jr.},
	year = {1949},
	publisher = {Alred A. Knop},
	address = {New York},
	url = {https://utpress.org/title/southern-politics-state-nation/}
}
@article{cheibub2022,
	title = {Dynamic party system fragmentation},
	author = {Cheibub, José and Moreira, Thiago and Sin, Gisela and Tanabe, Keigo},
	year = {2022},
	month = {04},
	date = {2022-04},
	journal = {Electoral Studies},
	pages = {102440},
	volume = {76},
	doi = {10.1016/j.electstud.2022.102440},
	langid = {en}
}

@article{clark2006,
	title = {Rehabilitating Duverger{\textquoteright}s Theory},
	author = {Clark, William Roberts and Golder, Matt},
	year = {2006},
	month = {08},
	date = {2006-08},
	journal = {Comparative Political Studies},
	pages = {679--708},
	volume = {39},
	number = {6},
	doi = {10.1177/0010414005278420},
	langid = {en}
}

@article{crespi1971,
  title={Structural sources of the George Wallace constituency},
  author={Crespi, Irving},
  journal={Social Science Quarterly},
  volume={52},
  number={1},
  pages={115--132},
  year={1971},
  url={https://www.jstor.org/stable/42860062}
}


@book{landemore2020e,
	title = {Open Democracy},
	author = {Landemore, {Hélène}},
	year = {2020},
	publisher = {Princeton University Press},
	doi = {10.23943/princeton/9780691181998.001.0001}
}

@misc{drazanova2019,
	title = {Historical index of ethnic fractionalisation dataset},
	author = {Drazanova, Lenka},
	howpublished = {European University Institute Research Data},
	year = {2019},
	url = {https://hdl.handle.net/1814/64606}
}

@article{link1946,
  title={The Progressive Movement in the South, 1870-1914},
  author={Link, Arthur S},
  journal={The North Carolina Historical Review},
  volume={23},
  number={2},
  pages={172--195},
  year={1946},
  url={https://www.jstor.org/stable/23515038}
}

@misc{reinero2023,
	title = {Partisans are more likely to entrench their beliefs in misinformation when political outgroup members correct claims},
	author = {Reinero, Diego A. and Harris, Elizabeth Ann and Rathje, Steve and Duke, Annie and Van Bavel, Jay Joseph},
	year = {2023},
	month = {05},
	date = {2023-05-11},
	url = {http://dx.doi.org/10.31234/osf.io/z4df3}
}

@article{nyhan2013,
	title = {The Hazards of Correcting Myths About Health Care Reform},
	author = {Nyhan, Brendan and Reifler, Jason and Ubel, Peter A.},
	year = {2013},
	month = {02},
	date = {2013-02},
	journal = {Medical Care},
	pages = {127--132},
	volume = {51},
	number = {2},
	doi = {10.1097/mlr.0b013e318279486b},
	langid = {en}
}

@article{rello2016,
	title = {Make It Big!},
	author = {Rello, Luz and Pielot, Martin and Marcos, Mari-Carmen},
	year = {2016},
	month = {05},
	date = {2016-05-07},
	journal = {Proceedings of the 2016 CHI Conference on Human Factors in Computing Systems},
	doi = {10.1145/2858036.2858204}
}

@misc{ayers2024,
	title = {Statistical Intuition Without Coding (or Teachers)},
	author = {Ayers, Natalie and King, Gary and Mukerjee, Zagreb and Skinnion, Dominic},
	year = {2024},
	month = {01},
	date = {2024-01-23},
	journal = {APSA Preprints},
	doi = {10.33774/apsa-2024-9661l}
}

@article{aschwanden2015,
	title = {Science Isn’t Broken: It’s just a hell of a lot harder than we give it credit for},
	author = {Aschwanden, Christie and King, Ritchie},
	year = {2015},
	date = {2015-08-19},
	journal = {FiveThirtyEight},
	url = {https://fivethirtyeight.com/features/science-isnt-broken/}
}

@article{hullman2021,
	title = {Designing for Interactive Exploratory Data Analysis Requires Theories of Graphical Inference},
	author = {Hullman, Jessica and Gelman, Andrew},
	year = {2021},
	month = {07},
	date = {2021-07-23},
	journal = {Harvard Data Science Review},
	doi = {10.1162/99608f92.3ab8a587},
	langid = {en}
}

@article{masket2015,
	title = {Polarization without Parties: Term Limits and Legislative Partisanship in Nebraska's Unicameral Legislature},
	author = {Masket, Seth and Shor, Boris},
	year = {2015},
	month = {03},
	date = {2015-03},
	journal = {State Politics & Policy Quarterly},
	pages = {67--90},
	volume = {15},
	number = {1},
	doi = {10.1177/1532440014564984},
	langid = {en}
}

@article{olson2020,
	title = {Legislative Term Limits and Polarization},
	author = {Olson, Michael P. and Rogowski, Jon C.},
	year = {2020},
	month = {04},
	date = {2020-04},
	journal = {The Journal of Politics},
	pages = {572--586},
	volume = {82},
	number = {2},
	doi = {10.1086/706764},
	langid = {en}
}

@article{sarbaugh-thompson2006,
	title = {Democracy Among Strangers: Term Limits' Effects on Relationships Between State Legislators in Michigan},
	author = {Sarbaugh-Thompson, Marjorie and Thompson, Lyke and Elder, Charles D. and Comins, Meg and Elling, Richard C. and Strate, John},
	year = {2006},
	date = {2006},
	journal = {State Politics & Policy Quarterly},
	pages = {384--409},
	volume = {6},
	number = {4},
	doi = {10.1177/153244000600600402},
	langid = {en}
}

@article{burns2008,
	title = {Pockets of Expertise: Institutional Capacity in Twentieth-Century State Legislatures},
	author = {Burns, Nancy and Evans, Laura and Gamm, Gerald and McConnaughy, Corrine},
	year = {2008},
	date = {2008},
	journal = {Studies in American Political Development},
	pages = {229--248},
	volume = {22},
	number = {2},
	doi = {10.1017/s0898588x08000072},
	langid = {en}
}

@article{moncrief2001,
	title = {On the Outside Looking In: Lobbyists' Perspectives on the Effects of State Legislative Term Limits},
	author = {Moncrief, Gary and Thompson, Joel A.},
	year = {2001},
	date = {2001},
	journal = {State Politics & Policy Quarterly},
	pages = {394--411},
	volume = {1},
	number = {4},
	doi = {10.1177/153244000100100404},
	langid = {en}
}

@article{carey2006,
	title = {The Effects of Term Limits on State Legislatures: A New Survey of the 50 States},
	author = {Carey, John M. and Niemi, Richard G. and Powell, Lynda W. and Moncrief, GARY F.},
	year = {2006},
	month = {02},
	date = {2006-02},
	journal = {Legislative Studies Quarterly},
	pages = {105--134},
	volume = {31},
	number = {1},
	doi = {10.3162/036298006x201742},
	langid = {en}
}

@article{sarbaugh-thompson2010,
	title = {Legislators and Administrators: Complex Relationships Complicated by Term Limits},
	author = {Sarbaugh-Thompson, Marjorie and Strate, John and Leroux, Kelly and Elling, Richard C. and Thompson, Lyke and Elder, Charles D.},
	year = {2010},
	month = {02},
	date = {2010-02},
	journal = {Legislative Studies Quarterly},
	pages = {57--89},
	volume = {35},
	number = {1},
	doi = {10.3162/036298010790821978},
	langid = {en}
}

@unpublished{fouirnaies2018,
	title = {How Do Electoral Incentives Affect Legislator Behavior?},
	author = {Fouirnaies, Alexander},
	year = {2018},
	date = {2018-09-28},
	url = {https://www.andrewbenjaminhall.com/Fouirnaies_Hall_Electoral_Incentives.pdf}
}

@article{vandusky-allen2014,
	title = {The Conditional Effect of Term Limits on Electoral Activities},
	author = {{VanDusky{-}Allen}, Julie},
	year = {2014},
	month = {06},
	date = {2014-06},
	journal = {Politics & Policy},
	pages = {431--458},
	volume = {42},
	number = {3},
	doi = {10.1111/polp.12072},
	langid = {en}
}

@article{nalder2007,
	title = {The Effect of State Legislative Term Limits on Voter Turnout},
	author = {Nalder, Kimberly},
	year = {2007},
	date = {2007},
	journal = {State Politics & Policy Quarterly},
	pages = {187--210},
	volume = {7},
	number = {2},
	doi = {10.1177/153244000700700207},
	langid = {en}
}

@article{schaffner2004,
	title = {{\emph{Incumbents Out, Party In? Term Limits and Partisan Redistricting in State Legislatures}}},
	author = {Schaffner, Brian F. and Wagner, Michael W. and Winburn, Jonathan},
	year = {2004},
	date = {2004},
	journal = {State Politics & Policy Quarterly},
	pages = {396--414},
	volume = {4},
	number = {4},
	doi = {10.1177/153244000400400403},
	langid = {en}
}

@article{pettey2017,
	title = {Female Candidate Emergence and Term Limits: A State-Level Analysis},
	author = {Pettey, Samantha},
	year = {2017},
	month = {11},
	date = {2017-11-21},
	journal = {Political Research Quarterly},
	pages = {318--329},
	volume = {71},
	number = {2},
	doi = {10.1177/1065912917735175},
	langid = {en}
}

@article{caress2003,
	title = {Effect of Term Limits on the Election of Minority State Legislators},
	author = {Caress, Stanley M. and Elder, Charles and Elling, Richard and Faletta, Jean-Philippe and Orr, Shannon K. and Rader, Eric and Sarbaugh-Thompson, Marjorie and Strate, John and Thompson, Lyke},
	year = {2003},
	month = {09},
	date = {2003-09},
	journal = {State and Local Government Review},
	pages = {183--195},
	volume = {35},
	number = {3},
	doi = {10.1177/0160323x0303500304},
	langid = {en}
}

@article{carroll2001,
	title = {Unrealized Opportunity? Term Limits and the Representation of Women in State Legislatures},
	author = {Carroll, Susan J. and Jenkins, Krista},
	year = {2001},
	month = {09},
	date = {2001-09},
	journal = {Women & Politics},
	pages = {1--30},
	volume = {23},
	number = {4},
	doi = {10.1300/j014v23n04_01},
	langid = {en}
}

@article{schraufnagel2006,
	title = {Term Limits, Electoral Competition, and Representational Diversity: The Case of Florida},
	author = {Schraufnagel, Scot and Halperin, Karen},
	year = {2006},
	date = {2006},
	journal = {State Politics & Policy Quarterly},
	pages = {448--462},
	volume = {6},
	number = {4},
	doi = {10.1177/153244000600600405},
	langid = {en}
}

@misc{rasmussen2017,
	title = {Support For Current Constitution Hits 10-Year Low},
	author = {Rasmussen Reports},
	year = {2017},
	date = {2017-10-11},
	note = {Accessed January 25, 2024},
	url = {https://www.rasmussenreports.com/public_content/politics/general_politics/october_2017/support_for_current_constitution_hits_10_year_low}
}

@misc{gallup2023,
	title = {Congress and the Public},
	author = {Gallup},
	year = {2023},
	note = {Accessed January 25, 2024},
	url = {https://www.rasmussenreports.com/public_content/politics/general_politics/october_2017/support_for_current_constitution_hits_10_year_low}
}

@article{montanaro2018,
  author = {Montanaro, Domenico},
  title = {Here's Just How Little Confidence Americans Have In Political Institutions},
  journal = {NPR},
  year = {2018},
  month = {01},
  day = {17},
  url = {https://www.npr.org/2018/01/17/578422668/heres-just-how-little-confidence-americans-have-in-political-institutions},
}

@article{reinhart2020,
  author = {Reinhart, RJ},
  title = {Faith in Elections in Relatively Short Supply in U.S.},
  journal = {Gallup},
  year = {2020},
  month = {02},
  day = {13},
  url = {https://news.gallup.com/poll/285608/faith-elections-relatively-short-supply.aspx},
}

@misc{pew2023,
	title = {Public Trust in Government: 1958-2023},
	author = {{Pew Research Center}},
	year = {2023},
	month = {09},
	day = {19},
	url = {https://www.pewresearch.org/politics/2023/09/19/public-trust-in-government-1958-2023/}
}

@misc{drutman2023,
  author = {Drutman, Lee and Cohen, Jonathan D. and Levin, Yuval and Ornstein, Norman J.},
  title = {The Case for Enlarging the House of Representatives},
  year = {2023},
  howpublished = {American Academy of Arts and Sciences},
  url = {https://www.amacad.org/ourcommonpurpose/enlarging-the-house}
}

@book{duverger1954,
	author = {Duverger, Maurice},
	title = {Political Parties: Their Organization and Activity in the Modern State},
	year = {1954},
	publisher = {Methuen},
	url = {https://archive.org/details/politicalparties0000duve/page/n5/mode/1up}
}


@article{chandra2005,
	title = {Ethnic Parties and Democratic Stability},
	author = {Chandra, Kanchan},
	year = {2005},
	month = {06},
	date = {2005-06},
	journal = {Perspectives on Politics},
	volume = {3},
	number = {02},
	doi = {10.1017/s1537592705050188},
	langid = {en}
}

@article{koev2019,
	title = {Why ethnic parties? A new theory of ethnic minority political strategy in Europe},
	author = {Koev, Dan},
	year = {2019},
	month = {01},
	date = {2019-01},
	journal = {Nations and Nationalism},
	pages = {229--297},
	volume = {25},
	number = {1},
	doi = {10.1111/nana.12462},
	langid = {en}
}

@article{colomer2005a,
	title = {It's Parties that Choose Electoral Systems (Or, Duverger's Laws Upside Down)},
	author = {Colomer, Josep M.},
	year = {2005},
	month = {03},
	date = {2005-03},
	journal = {Political Studies},
	pages = {1--21},
	volume = {53},
	number = {1},
	doi = {10.1111/j.1467-9248.2005.00514.x},
	langid = {en}
}

@book{tocqueville1899,
  title={Democracy in America: Volume II},
  author={De Tocqueville, Alexis},
  volume={2},
  year={1899},
  publisher={D. Appleton}
}

@article{Krauthammer2018,
  author = {Krauthammer, Charles},
  title = {The Enduring Miracle of the American Constitution},
  journal = {The Washington Post},
  year = {2018},
  month = {11},
  day = {29},
  url = {https://www.washingtonpost.com/opinions/charles-krauthammer-the-enduring-miracle-of-the-american-constitution/2018/11/29/fb8879d2-f405-11e8-aeea-b85fd44449f5_story.html}
}

@misc{manifesto2018,
	author = {{Manifesto Project Team}},
	title = {A short primer on the Manifesto Project and its methodology},
	howpublished = {Manifesto Project Database},
	date = {2018-04-25},
	year = {2018},
	url = {https://manifestoproject.wzb.eu/tutorials/primer}
}

@article{bernstein1992,
  title={The sleeper wakes: The history and legacy of the Twenty-Seventh Amendment},
  author={Bernstein, Richard B},
  journal={Fordham Law Review},
  volume={61},
  number={3},
  pages={497--557},
  year={1992},
  url={https://ir.lawnet.fordham.edu/flr/vol61/iss3/1}
}

@book{demesquita2005,
  title={The logic of political survival},
  author={De Mesquita, Bruce Bueno and Smith, Alastair and Siverson, Randolph M and Morrow, James D},
  year={2005},
  publisher={MIT press},
  url={https://mitpress.mit.edu/9780262524407/the-logic-of-political-survival/}
}

@article{radin1947,
	title = {The Myth of Magna Carta},
	author = {Radin, Max},
	year = {1947},
	month = {09},
	date = {1947-09},
	journal = {Harvard Law Review},
	pages = {1060},
	volume = {60},
	number = {7},
	doi = {10.2307/1335742}
}

@article{blick2015,
	title = {Magna Carta and contemporary constitutional change},
	author = {Blick, Andrew},
	year = {2015},
	booktitle = {History & Policy},
	publisher = {Institute of Historical Research, University of London},
	url = {https://www.historyandpolicy.org/policy-papers/papers/magna-carta-and-contemporary-constitutional-change}
}

@inbook{britannica2023,
	title = {United States Presidential Election Results},
	author = {The Editors of Encyclopaedia Britannica},
	booktitle = {Encyclopedia Britannica},
	year = {2023},
	date = {2023-08-27},
	url = {https://www.britannica.com/topic/United-States-Presidential-Election-Results-1788863}
}

@misc{mcdonald2023,
	title = {National VEP Turnout Rates, 1789-Present (v1.0)},
	author = {McDonald, Michael},
	year = {2023},
	howpublished = {University of Florida Election Lab},
	url = {https://election.lab.ufl.edu/dataset/national-vep-turnout-rates-1789-present/}
}

@book{tufte2001,
  title={The visual display of quantitative information},
  author={Tufte, Edward R},
  volume={2},
  year={2001},
  publisher={Graphics press},
  url={https://www.edwardtufte.com/tufte/books_vdqi}
}

@book{levinson2006,
  title={Our undemocratic Constitution: Where the Constitution goes wrong (and how we the people can correct it)},
  author={Levinson, Sanford},
  year={2006},
  publisher={Oxford University Press},
  url={https://law.utexas.edu/faculty/slevinson/undemocratic/}
}

@article{watson1987,
	ISSN = {03604918, 17415705},
	URL = {http://www.jstor.org/stable/40574459},
	author = {Richard A. Watson},
	journal = {Presidential Studies Quarterly},
	number = {2},
	pages = {401--412},
	title = {Origins and Early Development of the Veto Power},
	urldate = {2024-02-27},
	volume = {17},
	year = {1987}
}

@article{prakash2003,
	title = {The Origins of Judicial Review},
	author = {Prakash, Saikrishna B. and Yoo, John C.},
	year = {2003},
	date = {2003},
	journal = {The University of Chicago Law Review},
	pages = {887},
	volume = {70},
	number = {3},
	doi = {10.2307/1600662},
}

@article{drutman2021b,
	title = {Quiz: If America Had Six Parties, Which Would You Belong To?},
	author = {Drutman, Lee},
	journal = {The New York Times},
	year = {2021},
	date = {2021-09-08},
	url = {https://www.nytimes.com/interactive/2021/09/08/opinion/republicans-democrats-parties.html}
}

@article{fishburn1988,
	title = {An Experiment in Approval Voting},
	author = {Fishburn, Peter C. and Little, John D. C.},
	year = {1988},
	month = {05},
	date = {1988-05},
	journal = {Management Science},
	pages = {555--568},
	volume = {34},
	number = {5},
	doi = {10.1287/mnsc.34.5.555},
	url = {http://dx.doi.org/10.1287/mnsc.34.5.555},
	langid = {en}
}
